3854 6084
488 569 531 634 14

489 723 592 771 anno
625 702 730 773 1284
758 698 883 800 (Brea
911 698 1053 801 XXII.)
1094 698 1185 774 huic
1212 701 1265 775 rei
1297 712 1578 800 -argumentum
1606 701 1797 802 praebet.

488 807 564 881 Per
584 833 625 882 se
644 818 749 907 patet
776 806 950 882 nondum
978 809 1144 883 inveniri
1171 811 1423 910 assumpsit
1448 811 1490 885 in
1508 809 1685 909 Epistola
1698 809 1798 884 Ner·

489 915 580 990 setis
595 915 674 1007 111,
691 916 758 990 sed
768 915 846 1014 jam
863 916 968 1016 apud
984 916 1242 994 Chosrovium
1262 919 1422 1017 (Expos.
1445 921 1663 1018 Breapag.
1695 921 1797 1014 179)

488 1049 584 1104 saec.
606 1023 673 1098 IX.
701 1050 775 1100 nec
802 1025 931 1099 minus
959 1027 999 1099 in
1028 1027 1204 1101 versione
1240 1025 1361 1101 latina
1395 1029 1486 1102 anni
1520 1032 1622 1103 1342
1653 1027 1798 1128 legitur

487 1134 738 1231 assumpsit
766 1133 913 1232 absque
947 1134 1129 1210 habens.
1160 1181 1211 1192 -
1241 1135 1522 1211 Praelaudatus
1553 1135 1802 1230 Chosrovius„

487 1242 689 1341 conjungit
723 1268 813 1316 non
857 1241 1177 1341 phantasmate
1217 1246 1470 1342 sequentibus
1509 1245 1578 1320 sic:
1622 1256 1664 1320 et
1702 1272 1798 1318 non

486 1350 806 1448 phantasmate
836 1377 1001 1450 passus
1031 1363 1098 1426 est
1127 1366 1207 1447 etc,
1237 1354 1305 1428 sed
1333 1380 1542 1454 perperam.

599 1500 658 1571 10.
688 1496 872 1588 Passus,
901 1497 1164 1592 crucifixus,
1194 1498 1413 1597 sepultus.
1451 1501 1598 1576 Textus
1627 1524 1793 1598 graecus

486 1605 687 1702 postponit
714 1605 833 1679 verbo
853 1631 1017 1704 passus
1044 1607 1370 1688 coniunctionem:
1398 1609 1483 1682 hoo
1504 1619 1580 1696 cst,
1607 1609 1794 1706 quoniam

486 1713 549 1785 hic
578 1738 732 1810 quoque
771 1716 944 1810 sequitur
981 1713 1130 1816 additio¹
1160 1715 1290 1814 aliqua
1328 1717 1376 1791 ad
1413 1743 1578 1817 passus
1616 1716 1798 1819 Symboli

487 1821 657 1914 Nicaeni,
677 1822 870 1897 videlicet:
905 1823 1170 1916 crucifixus,
1200 1824 1424 1925 sepultus,
1455 1852 1553 1923 quae
1573 1829 1692 1901 verba
1710 1853 1795 1900 non

487 1929 670 2028 leguntur
697 1932 738 2003 in
767 1932 947 2006 Nicaeno.
978 1932 1024 2006 In
1049 1931 1123 2007 hoo
1151 1934 1237 2008 loco
1268 1935 1420 2010 codices
1451 1937 1595 2010 armeni
1623 1934 1793 2009 melioris

487 2051 604 2132 notae,
629 2039 731 2113 hanc
770 2041 1053 2114 coniunctionis
1090 2042 1319 2140 particulam
1358 2055 1620 2119 servaverunt.
1663 2043 1791 2118 Huius

487 2148 638 2244 generis
659 2160 718 2222 est
733 2149 925 2248 exemplar
940 2150 1123 2225 selectum
1138 2177 1160 2224 a
1175 2151 1469 2252 Pesdimalgian,
1485 2152 1591 2227 aliud
1607 2151 1794 2253 epistolae

489 2257 659 2330 Nersetis
692 2257 760 2348 III,
790 2257 895 2331 aliud
915 2258 1154 2361 praelaudati
1172 2261 1359 2335 Breviarii
1377 2260 1503 2335 XXll.
1526 2261 1791 2337 Bibliothecae

487 2365 860 2440 Mechitharistarum
878 2368 1050 2443 Venetiis
1071 2380 1109 2442 et
1127 2369 1282 2444 tandem
1301 2371 1378 2445 duo
1401 2371 1630 2469 exemplaria
1649 2370 1793 2447 Biblio-

489 2473 622 2548 thecae
651 2475 864 2573 110ρο110110
884 2476 1035 2574 Regiae¹
1056 2477 1241 2574 Viennae,
1263 2477 1356 2554 Cod.
1377 2481 1481 2554 Arm.
1506 2485 1551 2554 19
1574 2486 1675 2582 (pag.
1699 2479 1791 2580 106)

489 2594 526 2656 et
555 2581 648 2658 Cod
669 2583 773 2661 Arm.
798 2591 846 2658 14
866 2591 967 2684 (pag.
993 2584 1069 2686 59).
1097 2587 1232 2662 Aetate
1259 2615 1349 2662 vero
1368 2589 1667 2688 Lampronensis
1696 2589 1792 2665 haec

489 2692 642 2766 omissio
664 2693 918 2768 videturesse
939 2697 1163 2770 communis.

601 2827 658 2894 11.
689 2820 751 2893 Ad
771 2821 978 2895 ascendit
1020 2823 1064 2895 in
1108 2823 1282 2898 coelum
1326 2850 1424 2898 cum
1462 2825 1617 2899 eadem
1655 2851 1790 2900 carne

489 2927 644 3002 additur
671 2929 712 3001 in
752 2928 903 3005 Graeco
940 2930 1100 3028 gloria,
1140 2933 1245 3029 quod
1288 2960 1368 3007 non
1409 2935 1610 3007 inventum
1653 2946 1710 3008 est
1751 2936 1790 3008 in

489 3038 689 3110 armenicis
720 3039 934 3130 codicibus;
969 3040 1268 3138 Lampronensis
1299 3055 1427 3117 autem
1460 3042 1558 3117 illud
1586 3042 1723 3118 habuit
1751 3046 1789 3117 in

490 3171 560 3219 suo
590 3145 803 3245 exemplari.
847 3149 880 3221 E
912 3160 1045 3222 contra
1074 3175 1161 3223 cum
1191 3151 1307 3249 paulo
1337 3162 1426 3252 post
1452 3152 1658 3226 Armenius
1687 3152 1789 3252 legat

488 3253 634 3353 gloria
656 3255 822 3347 Patris,
840 3257 989 3332 Patris
1009 3284 1148 3356 graeco
1170 3260 1288 3335 deest.

601 3405 658 3473 12.
689 3398 833 3475 Cuius
853 3401 982 3499 regni
1001 3428 1093 3475 non
1113 3414 1180 3478 est
1204 3405 1322 3480 finis.
1348 3405 1480 3480 Codex
1505 3406 1786 3506 Pesdimalgian

489 3507 644 3583 aliunde
664 3536 744 3583 non
765 3510 1068 3584 contemnendus
1084 3511 1178 3610 legit
1191 3514 1232 3588 in
1251 3514 1325 3588 hoc
1343 3514 1443 3590 loco:
1469 3512 1610 3590 Cuius
1640 3519 1786 3591 sancti

490 3628 533 3692 et
560 3619 829 3693 immortalis
858 3620 990 3717 regni
1024 3647 1114 3694 non
1151 3636 1217 3696 est
1245 3623 1363 3697 finis.
1407 3625 1640 3700 Huiusmodi
1673 3626 1781 3700 lectio

489 3726 639 3800 nullum
660 3729 776 3803 habet
795 3728 1088 3802 fundamentum
1102 3730 1142 3802 in
1157 3758 1294 3829 graeco
1312 3744 1417 3806 textu
1432 3759 1559 3830 neque
1574 3736 1785 3833 putaverim

488 3838 568 3910 eius
591 3836 776 3934 originem
794 3838 871 3910 nisi
890 3838 1143 3912 armeniacam
1163 3853 1203 3914 01-
1223 3868 1303 3915 non
1324 3843 1397 3917 alio
1417 3842 1532 3917 modo
1554 3845 1782 3919 efformatam

486 3945 624 4028 nisiex
644 3947 773 4020 verbis
798 3946 981 4020 mutuatis
1003 3973 1047 4019 ex
1066 3959 1158 4022 noto
1180 3951 1354 4049 Trisagio
1376 3951 1567 4027 orientali:
1603 3953 1783 4043 ,Sanctus

486 4053 602 4144 Deus,
625 4053 788 4128 Sanctus
808 4055 926 4142 sortis,
946 4054 1109 4129 Sanctus
1128 4059 1390 4153 immortalis“,
1412 4062 1517 4162 quod
1537 4062 1641 4160 apud
1660 4063 1783 4136 Arme·

486 4163 570 4236 nios
590 4165 643 4236 ita
662 4163 838 4238 habetur:
871 4164 1057 4253 ,Sanctus
1077 4165 1192 4260 Deus,
1222 4181 1378 4244 sanctus
1399 4184 1437 4244 et
1455 4170 1573 4261 fortia,
1604 4186 1782 4246 sanctus

488 4283 530 4346 01
548 4272 855 4348 immortalis“.

599 4404 656 4478 13.
689 4399 932 4475 Credimus
950 4403 1049 4476 etin
1067 4403 1283 4478 Sanctum
1300 4405 1781 4505 Spiritum,increatum

487 4517 530 4580 et
558 4507 821 4605 perfectum,
864 4512 941 4608 qui
968 4509 1198 4609 loquutus
1233 4525 1301 4588 est
1334 4516 1381 4587 in
1411 4515 1514 4614 lege
1548 4530 1591 4591 et
1618 4520 1664 4591 in
1693 4544 1781 4616 pro·

487 4615 636 4714 phetis
665 4629 735 4691 etc.
1614 4713 1620 4722 ‚

506 4724 509 4728 ’
593 4725 668 4798 Hic
680 4729 937 4827 comparando
953 4741 1099 4803 textum
1116 4737 1313 4805 armenum
1325 4758 1411 4806 cum
1422 4761 1561 4833 graeco
1571 4738 1781 4812 invenimus

489 4833 678 4908 defectum
710 4862 789 4909 non
817 4837 952 4931 levem,
983 4840 1044 4930 ita,
1064 4851 1107 4912 ut
1130 4843 1278 4938 integer
1304 4855 1419 4916 esset:
1448 4843 1652 4919 Credimus
1685 4856 1722 4919 et
1747 4848 1782 4920 in

486 4941 669 5016 Sanctum
690 4943 881 5042 Spiritum,
909 4974 999 5020 non
1020 4947 1220 5023 alienum
1239 4950 1364 5023 Patri
1391 4964 1433 5026 et
1451 4953 1571 5029 Filio
1593 4954 1671 5028 sed
1691 4980 1783 5030 con-

485 5050 842 5127 substantialem
872 5056 998 5129 Patri
1028 5068 1069 5130 et
1098 5058 1229 5151 Filio,
1257 5060 1470 5136 increatum
1500 5075 1536 5136 01
1564 5063 1782 5162 perfectum,

483 5157 529 5232 in
555 5159 857 5264 Paracletum,
889 5165 955 5262 qui
984 5165 1138 5241 locutus
1168 5178 1225 5241 est
1253 5170 1292 5242 in
1323 5168 1408 5268 lege
1438 5185 1475 5246 01
1503 5173 1712 5272 prophetis.
1741 5228 1747 5241 ‚
