1088 1669
752 205 773 220 37

121 248 210 267 videlicet
224 248 345 274 Symbolum,
366 252 439 273 partem
457 249 583 268 efformabant
597 250 648 268 illius
663 249 774 275 provinciae

121 276 268 294 ieeclesiasfieae.
281 276 368 300 Denique
378 276 478 295 Armenios
489 283 566 301 quoque
573 277 614 302 jam
624 278 774 300 observavimus,

121 308 173 321 stam
196 303 298 321 formulam
320 303 343 322 ab
366 303 395 321 his
417 304 518 328 postremis
538 304 621 323 maxima
638 304 774 329 probabilitate

122 331 222 355 accepisse.
237 330 298 349 Porro
312 331 354 349 fieri
368 331 431 355 potuit
446 334 468 349 ut
481 331 577 355 Evagrius
592 334 679 350 nostrum
692 331 774 357 Symbo-

122 358 159 376 lum
174 361 192 376 et
206 357 226 376 in
241 358 332 383 Aegypto
348 358 465 382 cognoverit,
481 365 541 382 quum
556 359 589 377 diu
603 359 652 377 iuter
667 359 774 377 Monachus

122 385 146 403 ibi
160 386 237 404 viveret
252 385 275 403 Id
292 391 337 403 vero
355 385 391 403 hac
405 385 424 403 in
435 389 489 408 terra,
511 388 561 404 certe
576 385 650 410 aliquot
665 388 740 410 tempus
754 387 775 404 in

123 419 158 430 usu
171 415 268 430 versatum
286 418 327 430 esse
345 412 463 431 demonstrat
479 413 559 431 indubie
576 413 603 432 sic
621 413 672 431 dicta
686 413 774 438 Liturgia

124 440 139 458 S.
152 439 216 461 Marci,
231 446 291 463 quum
305 440 324 457 in
339 439 397 458 huius
412 439 496 464 Epiclesi
511 440 596 464 legatur:

178 474 306 493 Ἑξαπὺατειλυν
319 475 338 493 ἐξ
350 475 403 496 ὕῴῡυς
415 477 443 491 τοῦ
456 475 502 497 ἁγίου
514 482 550 494 auu,
562 476 610 492 auh-131«
622 476 650 492 τὸν
659 476 775 498 Παράκλητον,

123 504 139 518 sa
153 503 218 524 Πνεῦμα
234 505 262 524 τῆς
277 502 362 525 manac,
379 503 406 518 ra„
423 503 483 524 Κύρων
498 503 526 518 τὴν
538 503 631 522 Zamam.
646 504 673 519 rav
691 503 709 519 ev
728 503 772 525 νόμῳ

123 532 146 546 καὶ
159 531 251 552 πρηφήταις
264 530 289 546 καὶ
302 530 401 547 nondam:
416 530 493 552 λαλῆσαυ.
505 526 646 551 (DanielTom.
654 527 686 545 IV.
697 526 773 545 Fasc.1.

124 560 163 578 pag⁴
180 554 234 577 162]

175 590 275 608 Postremo
285 596 324 607 uon
335 593 364 608 est
373 590 534 614 praetereundum
544 590 597 614 quod
609 591 629 608 in
639 590 774 609 Armeniorum

125 624 176 635 sacra
190 617 269 641 liturgia
284 620 328 641 post
342 617 402 635 nostri
413 617 501 642 Symboli
511 617 691 636 anathematismum
701 617 774 636 accedit

125 645 187 663 brevis
209 643 360 666 ,Glorificatio“,
382 650 431 668 quae
451 651 490 663 non
509 648 584 663 tantum
603 651 614 663 a
629 645 773 667 recentioribus,

126 678 187 690 rerum
203 671 259 689 etiam
274 678 285 689 a
300 671 367 695 priscis
382 672 453 690 nostris
473 672 599 696 scriptoribus
614 672 664 690 Divo
679 672 774 696 Gregorio

126 699 249 717 llluminatori
264 699 380 721 attribuitur,
396 702 414 717 et
428 702 466 717 tam
481 699 501 717 in
512 699 628 717 editionibus
639 706 697 723 quam
706 700 726 717 in
736 703 775 717 ma-

126 726 225 751 nuscriptis
240 725 298 744 habet
312 726 441 750 epigraphen:
457 726 558 751 „Gregorii
572 726 728 746 Illuminatoris“.
743 733 775 745 ne-

126 760 160 777 que
174 753 325 777 Lamproueusis
340 753 416 771 dubitat
430 753 467 778 ipsi
483 760 524 772 eam
538 754 651 772 adscribere.
676 753 733 776 Quod
750 753 775 772 ad

126 787 201 799 sensum
215 780 301 804 pertinet,
323 787 379 798 nemo
398 787 444 799 sane
458 787 528 805 negare
542 784 606 805 potest
620 787 662 799 esse
677 781 774 799 doctrinae

126 808 140 826 S,
155 808 243 832 Gregorii
258 814 340 832 cumque
355 814 377 826 ea
392 808 504 826 consentire.
521 808 571 826 Eum
586 815 631 826 vero
646 808 704 826 talem
718 808 775 832 glori-

125 835 229 853 ficationem
244 834 311 852 iisdem
327 835 424 859 conceptis
441 835 506 853 verbis
525 836 544 853 in
566 836 673 854 armeniaoa
687 835 775 854 Ecclesia

126 862 222 886 reliquisse
237 862 313 880 minime
334 862 379 880 satis
398 862 431 880 illa
445 862 556 887 Epigraphe
576 863 697 881 demonstrat
726 863 775 881 Nam

126 896 145 907 ea
159 889 264 914 epigraphe
279 892 323 913 eget
337 889 455 913 antiquitate,
474 889 515 908 VII.
531 889 581 908 enim
596 890 673 908 saeculo
688 890 775 908 nondum

126 921 151 935 cst
173 916 232 942 (apud
246 916 345 935 Nersetem
362 916 408 941 IlL),
430 917 473 935 dein
495 917 609 941 glorificatio
631 917 673 941 ipsa
694 923 774 942 prorsus

126 944 218 968 dependet
227 950 239 962 a
248 943 347 968 Symbolo,
362 944 407 968 quia
421 944 441 962 iu
456 944 489 962 illa
500 944 600 963 orthodoxi
611 945 774 963 anathematizatis

126 971 149 992 iis,
166 971 198 995 qui
212 971 431 989 consubstantialitatem
442 971 541 989 Trinitatis
556 975 632 996 negant,
648 978 667 990 se
682 972 735 996 ipsos
750 972 774 990 ab

126 998 151 1016 his
167 999 278 1017 discernunt
292 1001 310 1016 et
325 998 455 1021 exhortantur,
471 1002 492 1017 ut
506 1005 551 1017 vera
565 999 613 1017 fides
623 1001 774 1017 conservaretur.

126 1026 170 1050 (Nos
191 1028 255 1044 autem
277 1027 319 1049 etc.)
347 1025 414 1049 Itaque
436 1032 480 1044 eum
495 1025 609 1051 Symbolum
626 1026 690 1050 ipsum
708 1029 774 1044 sancto

127 1052 217 1077 Gregorio
232 1052 263 1070 vel
279 1053 319 1071 eius
337 1053 482 1071 successoribus
503 1053 569 1077 primis
591 1053 715 1071 tribuendum
736 1060 775 1071 non

126 1086 164 1098 esse
179 1080 356 1103 demonstravimus,
372 1086 393 1098 eo
408 1080 450 1104 ipso
466 1080 502 1098 hoc
517 1080 668 1099 additamentum
678 1081 700 1099 iis
711 1084 775 1099 aucto-

127 1108 176 1125 ribus
191 1107 270 1125 attribui
287 1108 359 1131 nequit.
382 1107 419 1126 Sed
437 1107 492 1126 facile
509 1114 591 1132 pronum
609 1111 638 1126 est
655 1107 774 1131 concludere,

127 1140 166 1152 cum
183 1134 237 1152 initio
256 1134 327 1152 saeculi
344 1134 380 1157 VL,
401 1137 423 1152 ut
444 1141 503 1159 supra
524 1135 610 1157 diximus,
631 1134 775 1160 impellentibus

127 1162 258 1180 controversiis
272 1161 433 1187 monophysiticis
450 1162 487 1180 hoc
502 1162 617 1187 Symbolum
634 1162 654 1180 in
671 1168 727 1180 usum
744 1169 775 1180 ve-

127 1189 175 1212 niret,
190 1189 247 1207 etiam
262 1189 412 1207 additamentum
427 1189 476 1207 illud
491 1190 509 1208 ei
523 1189 665 1214 agglutinatum
680 1196 727 1208 esse.

177 1225 239 1248 Quem
249 1232 293 1244 vero
304 1226 323 1244 in
333 1225 402 1243 finem?
416 1225 463 1244 Erat
473 1228 607 1250 argumentum
616 1225 775 1244 Nestorianorum

127 1253 264 1271 affirmantium:
279 1252 299 1271 Si
310 1252 398 1271 Christus
408 1252 465 1271 homo
475 1253 597 1277 hominisque
607 1253 658 1271 filius
669 1260 708 1271 non
718 1253 775 1271 aliam

127 1286 224 1303 personam
238 1280 322 1302 haberet,
339 1280 423 1298 alienum
438 1280 511 1304 aliquid
525 1280 545 1298 in
559 1280 672 1298 Trinitatem
685 1280 774 1298 venisset.

127 1306 188 1325 Merito
204 1307 249 1325 huic
264 1310 397 1332 opposuerunt
411 1307 510 1329 Catholici,
532 1314 595 1326 errore
610 1308 676 1332 utique
691 1308 775 1326 Nestorii

127 1338 209 1357 quartam
223 1341 326 1359 personam
340 1334 360 1352 in
374 1334 487 1353 Trinitatem
501 1335 570 1353 venire.
586 1334 675 1358 Armenii,
690 1335 723 1359 qui
738 1335 774 1353 sub

127 1361 159 1380 fine
174 1361 246 1380 saeculi
261 1362 282 1380 V.
298 1361 350 1380 haud
365 1362 411 1380 satis
426 1362 534 1380 discernere
548 1365 654 1386 potuerunt
668 1362 774 1380 doctrinam
