3854 6084
1423 593 1462 656 11

264 725 304 796 ·5.
328 719 541 798 Eundem
576 721 730 819 ipsum
760 733 809 795 ex
839 732 1011 797 natura
1038 722 1194 797 Patris
1222 722 1286 796 vel
1313 722 1463 798 melius:

160 855 212 904 ex
241 827 395 904 eadem
429 854 528 902 cum
554 829 695 904 Patre
727 840 903 905 natura.
945 830 1045 906 Tota
1082 823 1177 906 haec
1210 831 1360 929 phrasis
1389 858 1466 906 res·

155 935 306 1038 ,pondet
329 937 522 1012 terminisr.
544 942 698 1030 ὅμούσιον
722 954 766 1028 τῷ
789 942 905 1031 Harpa
940 939 1100 1014 Anobis
1118 950 1245 1016 autem
1268 939 1464 1015 catholicis

158 1056 250 1146 post
276 1046 553 1122 iniunctionem
581 1044 618 1121 S.
649 1045 757 1122 Sedis
777 1071 847 1144 pro
868 1073 913 1121 ca
931 1048 1151 1125 adhibetur:
1176 1055 1466 1147 lmswgnstaqpp

160 1155 228 1256 <op
260 1155 326 1259 (τ-
349 1154 717 1230 consubstantialem
743 1155 874 1256 Patri).
910 1157 962 1231 Et.
994 1184 1041 1232 en
1075 1171 1272 1257 punctum,
1308 1157 1353 1232 de
1389 1185 1463 1257 quo

160 1265 423 1340 controversia
450 1275 516 1340 est.

268 1373 314 1447 In
342 1371 530 1447 hocloco
565 1384 609 1446 ut
636 1372 798 1447 variatio
834 1373 998 1450 inveniri
1033 1384 1173 1473 posset,
1211 1385 1364 1475 oportet
1391 1401 1463 1448 nos

160 1482 367 1556 ascendere
408 1481 458 1556 ad
497 1479 652 1557 saecula
691 1483 952 1557 remotissima.
991 1484 1080 1558 Non
1121 1509 1329 1582 possumus
1363 1495 1464 1558 certe

162 1589 416 1667 determinare
443 1601 606 1689 tempus,
649 1615 727 1688 quo
761 1591 907 1690 incepit
938 1589 1048 1667 illud:
1092 1592 1283 1667 eundem
1315 1594 1463 1691 ipsum

160 1725 211 1777 cx
240 1711 404 1775 natura
431 1699 590 1790 Patris,
627 1710 666 1773 at
694 1725 792 1775 saec.
820 1700 908 1774 XII.
939 1701 1014 1775 iam
1034 1701 1282 1800 praevalebat
1309 1702 1377 1776 illa
1389 1700 1464 1775 lec-

159 1810 225 1886 tio.
254 1807 418 1883 Nonnisi
449 1794 673 1912 praevalere
706 1834 789 1883 eam
823 1810 1001 1903 diximus3
1039 1835 1128 1884 nam
1165 1809 1463 1908 Lampronensis

159 1918 251 1994 licet
269 1930 347 1992 tam
366 1918 406 1991 in
425 1917 608 2016 Liturgia,
629 1943 745 2015 quam
763 1919 804 1990 in
819 1918 1070 2018 Expositione
1085 1917 1224 1992 Missae
1242 1919 1295 1992 ita
1309 1918 1457 2017 legerit,

160 2027 201 2100 in
221 2025 356 2101 ultimo
376 2037 506 2102 tamen
526 2052 640 2128 opere
661 2025 754 2124 legit
774 2029 902 2102 ctiam:
932 2053 983 2101 ea
1002 2027 1107 2125 ipsa
1125 2039 1291 2102 natura
1310 2028 1462 2101 Patris

160 2136 202 2210 id
231 2146 302 2211 est:
329 2135 571 2210 habentem
601 2134 792 2210 eandem
820 2136 966 2236 ipsam
994 2147 1206 2210 naturam
1235 2136 1408 2214 Patris.

268 2243 528 2318 Nihilominus
550 2243 811 2334 ¹manifestum
841 2255 898 2318 est
928 2272 972 2320 ex
1001 2244 1103 2319 VIII.
1139 2260 1186 2319 et¹
1205 2245 1289 2320 VII.
1319 2245 1462 2319 saeculi

161 2353 414 2453 scriptoribus
442 2349 645 2427 lectionem
673 2353 896 2452 originalem
925 2353 1039 2442 huius
1068 2355 1256 2428 versionis
1287 2380 1462 2428 armenae

96 2538 101 2546 ,
159 2489 240 2537 non
278 2488 361 2537 esse
396 2487 523 2558 neque
554 2489 607 2536 ex
637 2462 804 2538 eadem
835 2488 939 2536 cum
973 2462 1122 2536 Patre
1159 2475 1352 2556 natura,
1399 2489 1462 2535 ne-

160 2597 236 2670 que
266 2571 434 2646 eadem
461 2570 574 2670 ipsa
602 2585 787 2645 natura
815 2571 997 2665 Patris,
1035 2582 1074 2645 at
1099 2577 1391 2670 haybpbmldlub,
1422 2571 1462 2644 id

160 2692 228 2772 est,
271 2679 674 2755 connaturalem
711 2681 867 2754 Patri.
914 2680 975 2754 En
1018 2706 1108 2778 crgo
1154 2709 1226 2755 vox
1270 2682 1385 2755 unica
1427 2693 1464 2754 et

160 2790 399 2865 exactissima
431 2789 546 2862 simul
582 2789 705 2862 versio
734 2789 863 2887 graeci
895 2789 1046 2863 termini
1075 2795 1240 2882 ὁμούσιον.
1283 2790 1342 2863 Ita
1368 2788 1464 2887 legit

158 2898 333 2975 Joannes
351 2897 624 2998 Philosophus,
654 2911 699 2970 ut
726 2923 842 2997 supra
869 2898 1047 2992 vidimus,
1079 2899 1132 2971 ita
1150 2898 1307 3000 Moyses
1328 2897 1475 2974 (iram.

157 3007 322 3082 malicus
364 3005 516 3106 (Sermo
558 3008 600 3080 in
641 3005 828 3106 Transfig.
872 3008 970 3081 inter
1013 3033 1099 3107 opp.
1142 3007 1266 3109 Moys.
1309 3006 1463 3100 Ocren.)

159 3128 197 3191 et
231 3114 355 3190 multo
390 3126 478 3190 ante
511 3115 600 3189 illos
635 3115 799 3215 epistola
836 3117 1007 3191 Nersetis
1047 3117 1116 3190 Ill.
1157 3117 1262 3213 apud
1297 3115 1462 3192 Sebeum

157 3225 261 3301 Libr.
291 3225 362 3302 III.
391 3251 471 3323 cap.
506 3230 578 3300 33ss
602 3251 686 3324 pag.
709 3229 797 3316 202,
841 3252 898 3300 ext
915 3251 1010 3299 saec.
1048 3225 1130 3300 Vll.
1165 3225 1247 3299 Imo
1283 3225 1464 3299 anteriori

160 3360 316 3432 quoque
359 3335 541 3410 memoria
569 3331 743 3407 Joannes
786 3334 832 3406 Il
869 3335 1138 3409 Armeniorum
1168 3331 1394 3409 Catholicus
1422 3337 1463 3408 in

159 3469 232 3517 suo
260 3443 446 3518 Tractatu
476 3443 522 3518 de
551 3469 629 3517 uno
660 3441 813 3518 Christo
850 3471 895 3518 ex
925 3444 1077 3518 duabus
1111 3443 1269 3536 naturis,
1304 3443 1464 3517 eandem

157 3552 306 3652 profert
323 3551 535 3643 lectionem,
561 3577 649 3626 cum
669 3552 738 3628 ait:
765 3558 1042 3650 bajbpbmldlnb
1062 3557 1150 3626 strab
1171 3549 1257 3653 ξομ,
1288 3555 1354 3650 (z
1374 3577 1463 3626 oon-

158 3660 336 3735 naturale
365 3661 540 3736 Verbum
567 3661 698 3763 Patri.)
727 3661 873 3735 Tamen
903 3687 1023 3759 quum
1051 3661 1092 3734 in
1112 3687 1268 3734 armeno
1289 3687 1463 3736 sermone

157 3795 297 3870 parum
324 3770 365 3843 in
394 3796 468 3845 usu
497 3771 545 3843 sit
568 3769 668 3844 haec
695 3770 982 3868 compositionis
1002 3770 1141 3845 forma:
1168 3776 1462 3867 ῖιιῃῖιμῖιηιίθῂιῖι,

157 3878 274 3978 lapsu
301 3889 517 3976 temporum
547 3879 704 3954 unicum
727 3878 826 3953 illud
853 3878 1089 3954 vocabulum
1117 3879 1303 3976 paulatim
1323 3880 1361 3951 in
1385 3879 1462 3953 duo

160 3988 327 4062 divisum
357 3998 430 4061 est:
456 3993 543 4085 bnflr
568 3995 775 4086 gbnrldlnb,
808 3987 913 4085 quod
940 3999 1036 4061 tuno
1065 3989 1271 4085 significat:
1305 3988 1462 4076 „eadem

159 4107 319 4170 natura¹⁴
353 4097 409 4192 (in
439 4122 532 4171 casu
545 4099 799 4195 nominativo]
818 4109 854 4170 et
869 4096 1004 4170 exinde
1021 4097 1216 4171 efformata
1232 4108 1291 4170 est
1311 4096 1463 4172 demum

158 4203 327 4304 phrasis:
342 4213 429 4304 21,an
439 4213 537 4304 [theb
548 4211 780 4304 [rpbarfflbbl-
792 4201 874 4306 ζοῃ,
891 4205 1000 4279 cuius
1013 4230 1147 4280 sensus
1162 4215 1236 4281 estz
1250 4232 1299 4279 ex
1310 4205 1463 4279 eadem

160 4323 258 4388 cum
282 4311 423 4388 Patre
452 4326 631 4412 natura,
662 4326 705 4388 ut
725 4314 868 4389 dictum
890 4326 955 4408 est,
976 4315 1090 4388 sicuti
1109 4307 1261 4413 egregie
1282 4313 1463 4417 analysin

159 4422 251 4497 fecit
278 4422 468 4523 Dominus
488 4423 696 4498 Eduardus
715 4421 1042 4523 Archiepiscopus
1065 4421 1274 4498 Siracensis
1305 4422 1364 4522 (in
1394 4449 1465 4497 sua

160 4531 299 4607 Theol‘
325 4558 425 4631 spec.
453 4544 543 4607 tom.
572 4533 600 4609 I.
630 4558 715 4630 pag.
745 4537 824 4608 384
852 4532 937 4606 edit
971 4534 1035 4629 1²).

161 4667 166 4675 ·
228 4651 230 4656 ’
271 4641 356 4715 Hoc
370 4642 530 4741 insuper
544 4641 768 4732 notandum,
789 4641 894 4738 quod
908 4640 971 4716 hic
986 4641 1170 4714 terminus
1189 4647 1465 4739 bnpbpbmffllnb

159 4750 452 4848 (connaturalis)
483 4751 667 4849 originem
687 4751 804 4825 habet
823 4750 938 4847 longe
956 4749 1183 4824 anteriorem
1205 4750 1359 4824 saeculo
1381 4750 1465 4843 V1.;

161 4861 301 4934 etenim
329 4859 525 4934 invenitur
545 4860 657 4933 etiam
676 4860 717 4932 in
737 4857 925 4961 Symbolo
949 4885 1045 4957 pure
1063 4858 1245 4952 Nicaen0,
1265 4885 1342 4956 quo
1364 4870 1464 4932 certe

159 4967 219 5042 usi
248 4978 340 5044 sunt
367 4969 488 5042 nostri
519 4968 662 5043 saeculi
682 4968 726 5042 V.
746 4968 891 5062 Patres,
919 4967 1100 5064 quodque
1121 4993 1225 5041 nunc
1245 4967 1466 5067 possidetur

159 5102 182 5151 a
210 5076 324 5150 nobis
353 5075 394 5150 in
420 5076 555 5176 lingua
584 5077 890 5151 characteristica
917 5077 1022 5151 illius
1052 5076 1145 5164 aevi,
1174 5087 1217 5150 ut
1248 5073 1462 5150 videbimus

158 5185 269 5260 infra.
289 5186 481 5284 Interpres
500 5213 592 5261 vero
613 5183 798 5287 Symboli‚
819 5186 865 5259 de
886 5209 963 5284 quo
984 5185 1193 5278 disseritur,
1216 5185 1465 5264 commutavit
