1088 1669
786 220 796 235 9

142 250 204 273 ribus,
221 251 261 275 qui,
280 251 308 269 uti
326 251 372 269 dixit
388 254 453 270 noster
470 251 540 270 Nerses
557 251 707 276 Lampronensis
724 255 797 277 septem

142 277 214 296 abhinc
225 277 314 300 saeculis,
327 284 387 302 quum
400 278 424 297 de
434 285 499 297 eorum
512 279 532 296 in
543 285 606 297 errore
616 279 797 303 praedecessoribus

140 304 258 329 loqueretur,
271 305 351 327 „volunt
361 306 425 330 potius
435 306 506 324 servire
516 305 558 324 Deo
567 306 682 325 mortalitate
692 307 797 331 scripturae

141 338 200 356 quam
210 333 335 351 renovatione
345 332 453 357 Spiritusu?

196 359 222 377 Et
234 359 264 378 his
277 359 358 378 solvitur
371 363 437 383 totum,
451 360 503 384 quod
515 363 604 384 respectu
618 360 695 385 originis
708 360 796 386 Symboli

141 386 202 404 nostri
217 386 241 405 ad
251 386 304 405 hunc
319 387 368 405 diem
381 390 474 405 assertum
484 387 524 405 fuir.
540 387 578 406 Res
588 390 617 406 est
627 391 677 406 certe
688 388 797 412 singularis¹

141 413 194 437 quod
208 420 243 438 per
257 417 285 432 tot
301 414 378 432 saecula
392 414 478 432 omnium
492 414 616 433 attentionem
633 415 727 439 effugerit„
744 415 797 439 quod

141 440 257 465 Symbolum
267 441 304 459 hoo
311 441 352 466 jam
359 441 480 466 Epiphanius
491 441 511 460 in
521 448 556 460 suo
564 441 681 466 Auohorato,
690 445 708 461 et
718 442 797 467 quidem

140 468 223 486 maxima
238 475 260 486 ex
274 471 328 493 parte
342 468 447 491 adduxerit,
466 472 484 487 et
498 469 546 487 adeo
558 469 598 493 jam
613 476 665 487 minc
680 469 721 488 sine
736 469 796 488 dubio

141 495 248 513 asseverari
256 496 321 520 possit,
331 495 445 521 Symbolum
452 496 489 514 hoc
497 502 536 514 non
548 502 589 514 esse
598 499 684 515 nostrum
691 497 796 521 proprium⁷

141 525 160 540 et
170 522 222 546 quod
233 525 300 541 auctor
309 523 394 541 eiusdem
407 523 427 541 in
437 523 488 541 omni
502 529 549 541 casu
559 526 611 541 extra
620 523 730 542 Armeniam
740 530 797 548 quae-

140 549 212 568 rendus
227 550 296 568 veniat.
319 550 356 568 Pro
371 550 448 569 fortuna
463 553 506 569 ante
521 550 590 575 viginti
604 550 643 569 fere
657 557 718 569 annos
733 554 796 570 textus

141 576 219 600 quidem
233 583 318 601 graecus,
333 577 378 602 plus
393 584 471 596 armeno
486 583 600 601 consonans,
615 584 673 602 quam
688 578 724 601 ille,
739 585 796 602 quem

140 603 263 628 Epiphanius
271 604 354 627 adduxit,
363 611 372 623 e
380 605 464 623 tenebris
472 605 628 623 membranorum
635 605 708 629 integre
716 606 795 629 emersit,

139 634 162 649 ut
171 637 215 649 mox
225 631 339 650 videbimus.
354 631 391 650 Sed
401 638 437 650 nec
447 632 478 650 hic
488 631 588 656 hucusque
599 633 672 650 cunctis
682 636 745 651 notus.

458 687 484 715 2.

318 732 374 752 Codices
384 732 457 752 armenia.
467 732 517 753 Tutus
527 732 619 754 instauratus,

194 767 235 786 Nec
249 768 310 786 minor
325 768 362 786 fuit
376 767 496 792 negligentia
510 768 548 790 illa,
564 774 603 792 qua
617 768 702 787 studium
715 768 795 793 genuini

139 797 203 813 textus
218 795 308 813 armenioi
323 795 431 813 institutum
446 798 478 813 est„
493 795 525 814 Oh
539 799 658 820 quantopere
671 795 795 814 confunditur

139 821 214 840 ludicra
221 822 255 840 illa
263 828 358 847 saepeque
366 825 459 840 attentata
466 822 601 841 Armeniorum
608 829 648 841 non
657 823 795 841 catholicorum

135 848 234 873 jactantia,
245 856 284 874 qua
293 849 322 868 illi
332 852 401 868 cuncta
410 856 450 868 rem
460 849 609 868 ecclesiasticam
619 850 740 875 respicientia
750 850 795 869 inde

139 882 151 894 a
164 879 249 901 tempore
264 877 353 895 inductae
366 876 486 895 Christianae
500 877 598 901 religionis
613 880 654 895 tuta
669 880 687 895 et
701 877 795 896 invariata

139 909 181 922 sese
187 910 311 922 conservasse
318 910 401 923 asserere
406 911 446 922 non
450 904 578 922 reformidant.
584 904 620 923 Illa
626 903 795 931 perfectalfirmitas

138 933 202 949 textu·
211 931 267 949 etiam
274 931 294 950 in
301 931 384 950 minimis
391 938 431 950 non
441 931 499 950 habet
506 931 581 950 initium
589 932 626 950 nisi
634 938 645 950 a
655 932 693 950 fere
704 932 793 950 trecentis

139 958 248 977 novissimis
265 959 327 981 annis,
347 965 407 983 quum
425 965 492 977 revera
508 962 527 977 et
543 959 563 977 in
581 959 716 984 manuscriptis
736 962 754 978 et
773 959 794 977 in

138 985 257 1004 editionibus
267 989 330 1004 textus
340 992 429 1004 armenus
438 985 512 1004 nullam
523 986 576 1004 affert
586 993 610 1005 ne
619 986 707 1012 syllabae
715 986 793 1011 quidem

138 1013 159 1030 in
168 1013 205 1031 hoc
216 1013 307 1037 temporis
317 1013 418 1032 intervallo
429 1013 558 1032 variationem.
567 1013 593 1031 At
603 1020 661 1038 quam
671 1014 725 1032 aliter
735 1020 764 1032 res
773 1020 793 1032 se

138 1039 204 1063 hahet,
217 1040 233 1058 si
246 1040 355 1065 aperiantur
364 1040 539 1065 manuscriptorum
549 1041 628 1059 scrinia!
643 1040 693 1059 Sane
702 1041 723 1059 P.
733 1041 794 1065 Papa-

139 1067 181 1085 sian
190 1067 210 1085 in
221 1067 298 1086 duobus
309 1067 340 1086 vel
350 1068 412 1086 tribus
422 1067 470 1086 locis
483 1067 609 1086 adnotaverat
618 1068 733 1086 variationes
743 1068 794 1086 codi-

138 1101 188 1117 cum¹
197 1094 340 1119 Pesdimalgian
348 1095 404 1113 etiam
412 1094 481 1119 plures,
489 1095 509 1113 P.
517 1095 594 1114 Aucher
602 1095 634 1120 (ad
642 1095 715 1114 calcem
721 1095 742 1114 V.
747 1095 793 1113 tomi

139 1121 226 1140 Vitarum
237 1121 358 1146 Sanctorum)
374 1122 461 1146 quamvis
477 1122 639 1147 comparationem
654 1129 697 1141 cum
708 1124 733 1141 20
744 1122 795 1141 eodi-

138 1149 194 1167 cihus
204 1149 311 1172 instituerit,
327 1156 367 1168 non
379 1149 461 1172 denotat,
475 1149 513 1168 nisi
522 1156 580 1168 unam
595 1152 669 1168 tantum
682 1150 793 1168 variantem.

193 1176 254 1195 Erant
266 1176 324 1201 igitur
336 1177 428 1195 lectiones
438 1177 534 1195 variantes
547 1177 608 1195 nostri
618 1177 711 1202 Symboli,
724 1180 743 1195 at
755 1183 794 1195 uon

139 1203 247 1222 habebatur
264 1207 337 1222 certum
354 1204 449 1222 criterium
466 1204 604 1222 determinandi
619 1204 658 1222 vim
675 1210 745 1226 earum,
762 1203 793 1222 vel

139 1231 251 1249 secernendi
265 1231 370 1255 genuinam
384 1231 486 1249 lectionem
500 1231 524 1249 ab
540 1231 633 1249 arbitratu
643 1231 793 1250 amanuensium.

138 1257 195 1276 Nunc
210 1258 290 1277 feliciter
304 1258 324 1276 in
338 1258 372 1277 tali
387 1261 437 1277 statu
452 1258 551 1277 constituti
565 1265 631 1276 sumus
647 1259 671 1277 ub
685 1259 792 1277 subsidium

137 1285 202 1309 graeei
209 1288 278 1308 textus,
288 1288 310 1304 ut
319 1286 376 1304 nobis
386 1285 505 1310 impossibile
515 1292 554 1303 non
563 1285 587 1304 sit
593 1292 661 1304 rursus
669 1286 689 1304 in
696 1286 793 1310 integrum

138 1313 238 1331 restituere
247 1317 312 1337 partes
320 1313 427 1337 singulares
436 1313 455 1331 in
464 1313 547 1331 decursu
555 1312 675 1331 saeculorum
684 1313 792 1331 successive

137 1339 202 1364 lapsas
210 1340 241 1358 vel
249 1340 343 1363 alteratas,
353 1347 391 1364 qun
402 1340 541 1364 perfectissima
550 1343 639 1359 cernetur
646 1340 736 1358 identitas
743 1340 793 1358 iuter

138 1373 237 1386 armenum
247 1370 265 1386 et
274 1374 365 1391 graecum
374 1370 451 1386 textum.
