3854 6084
467 488 511 554 38

465 670 531 744 lV.
567 669 719 744 concilii
762 669 997 744 oecumenici
1037 669 1092 744 de
1124 670 1315 773 duabus
1357 673 1403 744 in
1446 695 1535 744 una
1575 693 1772 766 persona

468 778 625 852 divina
652 779 839 870 naturis,
868 780 918 853 ab
948 805 1075 854 errore
1096 778 1259 852 duarum
1276 805 1530 879 personarum
1548 779 1589 850 in
1608 775 1772 868 Christe,

466 898 725 986 perrexerunt,
761 899 803 961 ut
831 887 958 962 nobis
976 913 1107 962 eorum
1137 913 1254 988 opera
1288 890 1475 986 originem
1509 886 1690 960 ducentia
1725 889 1772 960 ab

466 995 533 1070 illo
562 1008 733 1094 tempore
763 995 970 1089 declarant,
999 997 1119 1070 verba
1148 995 1279 1071 eadem
1308 997 1519 1092 eademque
1549 1007 1773 1092 argumenta

465 1115 646 1204 repetere,
676 1129 774 1202 quae
806 1104 873 1206 (ex.
894 1104 963 1205 gr.)
992 1106 1033 1177 in
1051 1106 1174 1178 Tomo
1194 1105 1323 1180 Procli
1349 1105 1398 1179 ad
1417 1104 1619 1179 Armenios
1640 1115 1774 1177 contra

465 1213 685 1287 Nestorium
713 1213 948 1304 invenerant,
989 1215 1099 1312 quasi
1128 1213 1224 1286 nihil
1251 1215 1447 1306 haberent,
1491 1211 1595 1310 quod
1623 1212 1772 1310 impug-

464 1333 603 1396 narent
629 1323 704 1396 nisi
735 1347 881 1396 errores
909 1323 1103 1398 Theodori
1131 1323 1435 1422 Mopsuestensis
1464 1335 1501 1396 61
1528 1321 1705 1394 Nestorii.

554 1431 677 1505 Num
705 1429 944 1528 glorificatio,
974 1432 1021 1505 de
1042 1456 1118 1526 qua
1139 1434 1312 1529 quaestio
1333 1443 1398 1524 cst,
1427 1433 1466 1504 in
1486 1430 1605 1503 Missa
1623 1440 1773 1503 tantum

466 1565 554 1613 curn
583 1535 771 1641 Symbolo
802 1539 959 1614 recitata
989 1538 1064 1613 sit?
1197 1552 1209 1614 1

494 1701 496 1708 ,
574 1647 615 1722 Si
641 1649 867 1746 respicimus
896 1660 1066 1722 nostram
1085 1661 1325 1748 praesentem
1346 1648 1675 1738 consuetudinem,
1696 1646 1771 1720 hoc

463 1757 517 1830 fir.
561 1757 680 1831 Extra
706 1757 864 1832 Missam
892 1783 971 1831 non
999 1783 1104 1832 usus.
1151 1757 1209 1832 Ea
1236 1785 1329 1832 vero
1359 1756 1662 1855 circumscriptio
1691 1782 1772 1829 non

465 1865 530 1940 diu
560 1877 707 1940 exstare
735 1866 896 1940 videtur.
943 1866 1042 1942 Sane
1076 1867 1171 1940 haec
1207 1865 1435 1963 glorificatio
1472 1892 1570 1962 quae
1599 1875 1658 1938 est
1685 1890 1771 1962 pro-

409 2013 410 2022 *
463 1975 579 2049 fessio
609 1975 643 2050 S·
674 1974 883 2067 Trinitatis,
918 1987 975 2049 est
1003 1976 1043 2048 in
1071 1975 1310 2073 baptismate,
1346 1975 1422 2048 imo
1451 1976 1491 2048 in
1522 1972 1771 2048 Oatechume·

462 2095 558 2158 natu
586 2083 783 2182 aptissima
802 2100 841 2157 et
858 2083 1052 2157 naturalis.
1084 2084 1175 2159 Veri
1196 2083 1430 2158 simillimum
1460 2093 1518 2157 est
1546 2084 1629 2158 eius
1655 2107 1770 2156 usum

462 2194 502 2266 in
532 2191 863 2268 Oateohumenatu
891 2219 936 2266 eo
966 2192 1161 2268 sublatum
1190 2219 1282 2281 esse,
1312 2192 1417 2289 quod
1446 2191 1634 2267 editiones
1663 2191 1769 2264 Ritu-

463 2301 782 2400 aliumTcrgesti
822 2313 859 2375 et
887 2300 1057 2376 Venetiis
1093 2329 1115 2376 a
1144 2301 1438 2376 Mechitharistis
1471 2301 1512 2373 in
1554 2327 1669 2375 nsum
1698 2297 1769 2374 Oa-

461 2409 691 2484 tholicorum
721 2422 873 2484 curatae
903 2436 986 2485 eam
1019 2411 1336 2509 glorificationem
1370 2437 1448 2483 una
1483 2435 1569 2483 curn
1613 2407 1769 2484 anathe-

461 2520 638 2593 matismo
668 2519 879 2618 neglexere.

570 2627 698 2702 Huius
728 2629 943 2704 omissionis
978 2653 1094 2701 causa
1129 2641 1209 2703 erat
1242 2655 1335 2703 usus
1378 2627 1592 2700 communis
1635 2651 1768 2700 manu-

463 2737 694 2835 scriptorum
723 2736 952 2840 Symbolum
986 2763 1065 2813 non
1099 2739 1266 2836 perfecte
1300 2735 1582 2811 transcribendi
1617 2735 1680 2809 sed
1722 2763 1768 2809 eo

461 2845 547 2919 loco
577 2847 841 2920 tantummodo
870 2848 910 2919 in
937 2847 1093 2920 rubrica
1122 2847 1364 2946 significandi
1393 2845 1454 2919 hio
1491 2869 1573 2918 esse
1599 2843 1770 2946 ¹Symbo-

370 3011 372 3018 .
461 2953 541 3028 lum
571 2956 731 3052 eiusque
761 2955 972 3030 orationem
999 2957 1241 3030 recitandam.
1277 2957 1373 3030 Eam
1401 2953 1596 3027 rubricam
1623 2955 1771 3028 inveni-

460 3089 548 3136 mus
579 3065 692 3138 etiam
720 3065 761 3136 in
793 3065 1067 3160 antiquissimis
1108 3064 1325 3138 ritualibus.
1358 3061 1478 3152 2Quid
1507 3075 1635 3137 tamen
1664 3062 1770 3136 aliud

460 3172 523 3245 hic
553 3173 770 3271 significare
799 3184 928 3272 potest
954 3199 1030 3248 vox
1064 3176 1239 3265 ,oratio“,
1283 3197 1398 3270 quam
1426 3173 1550 3270 ipsam
1578 3171 1769 3270 glorifica-

460 3281 614 3372 tionem,
655 3281 702 3355 de
738 3307 815 3379 qua
849 3281 1022 3379 agimus?
1079 3285 1130 3358 Et
1170 3310 1305 3357 revera
1347 3281 1452 3377 apud
1492 3293 1646 3354 nostros
1689 3307 1770 3353 non

460 3390 589 3464 unitos
619 3391 753 3464 fratres
783 3416 828 3464 ea
856 3417 1057 3490 nunquam
1084 3419 1165 3466 non
1192 3394 1233 3465 in
1260 3391 1589 3484 Oatechumenatu
1617 3390 1771 3464 recitari

462 3499 597 3589 debct3
642 3524 732 3572 nam
759 3500 800 3572 in
829 3525 961 3573 eorum
988 3501 1203 3593 ritualibus,
1245 3512 1288 3574 ut
1316 3501 1357 3572 in
1385 3498 1515 3572 rituali
1543 3500 1632 3572 anni
1666 3503 1768 3574 1857

460 3605 564 3708 (pag.
598 3607 681 3708 lh),
723 3607 960 3707 glorificatio,
1003 3611 1049 3685 de
1080 3637 1157 3708 qua
1185 3613 1358 3707 quaestio
1394 3620 1460 3700 est,
1503 3609 1618 3707 plane
1654 3609 1771 3706 signi-

458 3717 573 3791 ficata
602 3731 666 3790 est.
728 3756 730 3758 ·

1094 3853 1147 3960 6.

548 4008 613 4088 116
641 4009 715 4106 aput
742 4010 885 4091 lrnuios
912 4012 1328 4110 16161116161111161616
1353 4014 1686 4124 6116116616111616.

566 4152 737 4251 Aliquod
766 4153 839 4226 fuit
868 4165 1029 4253 tempus,
1064 4181 1140 4253 quo
1176 4157 1249 4229 viri
1281 4168 1546 4256 protestantes
1589 4155 1769 4253 regiones

461 4261 632 4336 Orientis
662 4264 948 4360 percurrebant,
990 4276 1033 4337 ut
1061 4265 1217 4339 notitias
1248 4264 1472 4364 colligerent
1501 4269 1601 4364 circa
1632 4265 1770 4336 doctri-

458 4395 549 4442 nam
578 4384 694 4468 atque
725 4369 966 4470 disciplinam
986 4371 1291 4448 Christianorum
1317 4377 1365 4448 ab
1392 4374 1553 4449 ecclesia
1579 4371 1770 4448 catholica

460 4479 729 4572 seiunctorum,
759 4507 837 4578 quo
857 4479 1040 4555 fulcimen
1061 4493 1098 4554 et
1116 4483 1398 4557 firmamentum
1417 4484 1590 4557 invenire
1610 4497 1771 4580 possent

460 4589 540 4661 suis
581 4589 782 4662 erroribus.
839 4589 902 4662 Ad
943 4589 1043 4664 hanc
1087 4593 1345 4690 cathegoriam
1378 4593 1569 4667 viatorum
1604 4591 1770 4688 pertinet

459 4697 572 4774 etiam
603 4722 719 4795 eques
739 4697 1073 4795 AnglusRicaut,¹
1107 4701 1172 4798 qui
1200 4728 1336 4776 versus
1365 4728 1422 4775 an.
1454 4699 1768 4777 1680061666-

458 4805 662 4902 tinopolim
710 4807 879 4897 veniens,
927 4807 1051 4882 voluit
1097 4810 1210 4883 etiam
1258 4811 1304 4884 de
1352 4823 1453 4884 statu
1499 4803 1769 4884 Armeniorum

539 5029 547 5061 ¹
572 5022 694 5074 Histoire
727 5023 759 5074 dc
789 5025 879 5076 l'estat
910 5023 1017 5090 priserit
1054 5025 1087 5076 dc
1145 5025 1177 5077 de
1211 5029 1337 5090 l’anglais
1378 5043 1427 5092 par
1457 5027 1492 5080 M.
1527 5026 1559 5078 dc
1590 5027 1767 5092 Rosemonds

456 5093 558 5157 l’eglise
570 5095 690 5160 Grecqnc
701 5103 728 5152 61
739 5098 772 5148 de
783 5097 886 5161 l'eglise
901 5098 1086 5161 Armenienne,
1142 5099 1336 5164 Middelbcurg,
1362 5106 1440 5154 1692.
1682 5107 1688 5118 ”

455 5182 505 5232 par
536 5170 570 5220 M.
606 5169 631 5220 16
659 5169 803 5222 chevalier
831 5172 936 5234 Ricaut,
967 5171 1085 5222 traduite
