3854 6084
464 531 508 594 50

464 713 649 787 Acacium
673 713 952 805 Melitinensem
981 712 1217 812 episcopum,
1246 737 1352 785 nuno
1381 719 1508 786 autem
1537 711 1776 811 principium

465 848 631 918 sequens
660 850 804 897 verum·
829 833 866 896 et
901 820 1132 896 catholicum
1173 821 1339 920 probare
1384 819 1512 895 studet
1554 818 1776 894 additiones

465 930 642 1032 Symboli
670 927 943 1006 Armeniorum
968 957 1048 1005 non
1076 954 1159 1008 esse
1189 928 1513 1018 condemnandas,
1555 955 1642 1003 cum
1679 929 1776 1004 illae

463 1041 616 1116 minime
646 1043 869 1116 contineant
906 1066 1028 1115 novas
1059 1039 1262 1113 doctrinas.
1318 1037 1427 1113 Licet
1462 1038 1501 1112 id
1539 1065 1673 1114 verum
1712 1039 1776 1130 sit,

464 1163 758 1249 tameu‘parum
786 1149 945 1251 prodest
972 1150 1026 1222 rei
1044 1148 1204 1223 Messeri
1232 1149 1272 1221 in
1301 1159 1412 1241 statu,¹
1442 1174 1519 1247 quo
1546 1149 1630 1247 ipse
1650 1146 1774 1223 collo·

465 1271 572 1334 eatus
602 1270 672 1332 est.
1349 1315 1351 1320 .

573 1366 800 1443 Conventus
817 1367 972 1441 orientis
989 1365 1185 1439 christiani
1194 1365 1274 1468 jam
1289 1365 1435 1441 dudum
1447 1367 1774 1442 habentfructum

466 1479 527 1551 sui
557 1477 771 1552 schismatis
800 1477 824 1551 1.
854 1503 882 1550 e.
912 1475 1082 1549 omnium
1109 1501 1237 1549 rerum
1266 1475 1512 1552 sterilitatem.
1560 1475 1635 1553 Sed
1669 1477 1774 1552 enim

466 1610 616 1662 summa
646 1613 779 1662 eorum
806 1585 959 1660 miseria
988 1610 1033 1658 ea
1061 1597 1127 1678 est
1171 1584 1276 1680 quod
1310 1596 1507 1684 tamquam
1541 1585 1667 1684 legem
1695 1586 1775 1662 sibi

357 1725 359 1733 ’
466 1707 683 1771 statuerunt
723 1695 852 1769 talem‘
882 1692 1117 1768 sterilitatem
1160 1704 1243 1768 turn
1285 1694 1324 1768 in
1369 1694 1574 1795 disciplina
1610 1706 1692 1770 tum
1728 1697 1773 1768 in

465 1805 638 1879 doctrina
666 1815 705 1879 et
731 1804 827 1879 adeo
856 1830 935 1878 non
964 1805 1198 1879 erubescunt
1227 1828 1355 1878 coram
1384 1803 1547 1878 ecclesia
1566 1803 1772 1896 catholica,

363 1911 366 1918 ’
466 1915 741 1989 fecundissima
768 1924 897 2006 matre,
946 1939 1045 2010 quae
1073 1913 1198 2011 pergit
1226 1938 1249 1985 a
1275 1911 1407 1989 valore
1436 1913 1485 1988 ad
1514 1912 1684 1990 valorem
1714 1911 1772 1987 di-

465 2036 570 2098 recta
599 2048 748 2123 semper
775 2049 799 2097 a
828 2022 972 2122 Spiritu
1000 2020 1150 2115 Sancto,
1193 2032 1237 2096 ut
1264 2021 1477 2120 glorientur
1505 2023 1545 2096 in
1573 2024 1647 2097 ista
1674 2049 1772 2122 pau·

466 2145 614 2229 pertate
644 2159 713 2208 suu
742 2143 779 2206 et
805 2132 937 2230 inopia
964 2130 1168 2205 vitalitatis.
1216 2131 1276 2204 Εο
1314 2132 1508 2206 caecitatis
1536 2133 1674 2207 mentis
1705 2132 1772 2207 de-

465 2244 566 2342 lapsi
596 2243 702 2318 sunt!
729 2239 845 2316 Tales
875 2252 967 2314 sunt
995 2240 1201 2330 christiani,
1231 2241 1299 2338 qui
1326 2241 1440 2314 hodie
1470 2253 1664 2341 occupant
1682 2241 1774 2316 loca

465 2377 597 2427 earum
617 2350 873 2442 ecclesiarum,
901 2351 940 2422 in
961 2351 1104 2448 quibus
1126 2348 1216 2423 olim
1236 2348 1452 2424 admirabili
1472 2377 1558 2425 cum
1579 2351 1773 2426 industria

464 2462 670 2536 thesaurus
697 2459 787 2536 fidei
816 2459 1057 2556 conquisitus
1093 2471 1158 2537 est.
1208 2458 1318 2534 Certe
1351 2459 1442 2534 huic
1480 2486 1600 2558 pravo
1635 2487 1771 2534 eorum

464 2571 654 2671 principio
684 2568 861 2644 cohaeret
889 2567 1070 2674 absoluta
1096 2567 1163 2641 illa
1183 2566 1458 2670 Symbolorum
1476 2570 1771 2668 intangibilitas,

467 2707 583 2778 quam
613 2678 752 2754 Graeci
766 2767 768 2774 Α
782 2679 982 2771 affirmant,
1012 2703 1246 2775 quamquam
1267 2681 1398 2752 eorum
1417 2679 1580 2752 maiores
1605 2681 1632 2752 ii
1652 2691 1773 2771 erant,

467 2801 510 2863 ut
539 2789 895 2876 demonstravimus,
939 2787 1014 2884 quit
1042 2786 1226 2886 paulatim
1263 2786 1446 2888 symbola
1474 2789 1773 2864 necessitatibus

464 2912 682 2997 temporum
711 2909 748 2972 et
775 2897 977 2994 regionum
1007 2907 1246 2995 aptaverunt,
1291 2906 1337 2985 et,
1379 2897 1484 2995 quod
1525 2898 1774 2973 consideratu

464 3008 624 3105 dignum
654 3017 719 3096 est,
748 3005 972 3109 symbolum
999 3005 1135 3103 ipsum,
1164 3031 1240 3102 quo
1270 3005 1383 3080 hodie
1413 3016 1587 3094 utuntur,
1606 3009 1772 3106 praebet

463 3123 583 3191 unum
627 3143 672 3190 ex
714 3116 772 3210 iis,
822 3139 920 3212 quae
963 3113 1231 3188 additamentis
1279 3114 1516 3214 locupletata
1562 3131 1599 3191 et
1642 3115 1773 3216 expla-

463 3239 554 3301 nata
582 3238 681 3300 suut.
1353 3309 1356 3316 ¹

570 3335 686 3409 Forte
697 3331 1400 3432 felicitaleprineipiumimmobilitatis
1412 3335 1772 3432 parumintellectae

429 3519 433 3526 ,
463 3471 543 3519 non
559 3471 678 3544 aeque
695 3469 895 3519 commune
912 3454 968 3517 est
984 3443 1163 3536 omnibus
1180 3442 1334 3517 orientis
1350 3445 1606 3519 conventibus
1623 3446 1773 3520 christi-

466 3555 559 3628 anis,
588 3555 675 3628 Non
696 3552 820 3629 solum
849 3552 922 3626 hoc
951 3565 1121 3650 tempore
1151 3552 1217 3626 sed
1239 3553 1350 3626 etiam
1371 3554 1419 3628 ab
1440 3554 1549 3628 initio
1569 3580 1772 3653 nunquam

464 3663 636 3736 Armenii
655 3675 732 3736 tam
751 3659 864 3761 rigidi
884 3662 1046 3737 fuerunt
1075 3660 1333 3736 Nihilominus
1352 3663 1467 3736 nobis
1487 3662 1553 3737 diu
1573 3690 1693 3762 prope
1713 3665 1772 3737 in-

462 3773 570 3847 tuitis
586 3798 660 3863 eos,
674 3772 816 3846 frustra
829 3797 912 3846 esse
928 3771 1078 3845 videtur
1094 3782 1266 3872 spectare
1281 3798 1418 3846 aevum
1434 3771 1570 3847 melius
1588 3775 1769 3848 omnibus

398 3939 399 3944 1
464 3881 714 3968 orientalibus
744 3881 927 3979 quamdiu
968 3880 1042 3954 hoc
1085 3879 1204 3955 falsae
1234 3880 1451 3957 stabilitatis
1476 3883 1767 3980 perversissimo

459 3991 648 4090 principio
691 3991 801 4088 quasi
848 3989 1012 4086 caligine
1054 4001 1201 4064 mentes
1250 4016 1382 4065 eorum
1430 3991 1636 4067 obvolutae
1679 4004 1772 4068 sunt

460 4127 577 4198 seque
608 4101 784 4199 quamvis
813 4100 940 4173 miseri
969 4098 1099 4174 felices
1130 4126 1214 4173 esse
1252 4110 1399 4199 putant.
1448 4100 1641 4176 Convenit
1680 4128 1771 4177 eon-

460 4210 557 4284 ferre
601 4209 649 4283 ad
693 4218 762 4284 eos'
801 4210 920 4283 verba
962 4209 1117 4283 Domini
1161 4209 1210 4282 ad
1253 4207 1452 4284 ecclesiam
1480 4209 1693 4285 Laodiceae
1725 4211 1768 4286 in

458 4319 716 4422 Apocalypsi:
768 4318 905 4409 „Dicis
955 4318 1060 4415 quod
1090 4317 1198 4392 dives
1228 4344 1313 4392 sum
1348 4330 1385 4393 et
1413 4317 1683 4418 locupletatus,
1730 4334 1771 4395 et

459 4427 605 4502 nullius
648 4454 763 4527 ege03
810 4439 847 4502 et
887 4427 1024 4520 nescis,
1072 4427 1163 4524 quia
1190 4440 1234 4501 tu
1264 4453 1304 4502 es
1332 4429 1447 4502 miser
1476 4442 1514 4504 et
1541 4428 1771 4504 miserabilis

462 4549 500 4611 et
528 4564 675 4637 pauper
718 4552 756 4612 et
785 4562 922 4611 caecus
966 4548 1005 4611 et
1032 4536 1173 4610 nudus.
1223 4537 1373 4613 Suadeo
1403 4538 1473 4612 tibi
1507 4565 1630 4614 emere
1659 4565 1682 4612 a
1708 4565 1771 4614 me

461 4672 590 4720 aurem
618 4647 783 4744 ignitum
811 4648 1018 4746 probatum
1047 4656 1090 4720 ut
1118 4646 1292 4747 locuples
1330 4648 1409 4740 fias,
1457 4661 1494 4722 et
1531 4648 1769 4724 vestimentis

457 4755 556 4831 albis
585 4756 757 4836 induarts
788 4769 825 4846 et
854 4781 933 4830 non
962 4767 1146 4855 appareat
1175 4755 1351 4830 confusio
1370 4757 1566 4832 'nuditatis
1586 4769 1684 4848 ,tuae
1727 4771 1766 4832 et

457 4864 626 4968 collynio
655 4866 724 4939 inu
739 4893 814 4964 nge
844 4864 978 4940 oculos
1006 4877 1095 4940 tuos
1123 4878 1167 4939 ut
1196 4865 1358 4940 videas.“
1391 4867 1471 4970 (ΙΙΙ.
1505 4873 1565 4941 17.
1601 4865 1673 4968 18.)

563 4974 640 5050 Sed
686 4975 784 5072 proh
826 4974 955 5049 dolor!
1003 4976 1116 5050 etiem
1158 4977 1256 5049 inter
1290 5001 1364 5068 eos,
1415 4977 1481 5074 qui
1510 5003 1649 5074 magno
1680 4999 1770 5052 cum

460 5084 597 5160 labore
639 5111 659 5158 e
698 5084 863 5158 schisma
906 5083 955 5157 ad
984 5085 1181 5162 veritatem
1212 5084 1413 5180 conciliati,
1461 5087 1770 5162 communionem

457 5204 498 5267 et
528 5195 689 5292 gratiam
718 5219 805 5268 cum
835 5193 931 5269 Sede
961 5194 1186 5294 Apostolica
1213 5195 1368 5289 habent,
1403 5197 1634 5294 perspicitur
1663 5207 1769 5270 certe
