1088 1669
295 204 304 219 8

296 236 337 255 fiori
346 238 418 260 negant
426 235 497 255 Graeci
507 237 525 253 et
535 239 579 254 cum
589 236 616 254 eis
624 236 686 259 Russi,
696 236 833 254 contendentes
842 235 952 254 Concilium

294 263 415 288 Ephesinum
437 261 544 287 quamlibet
564 262 682 282 additionem
704 263 827 288 prohibuisse
848 262 951 288 Symbolo:

294 290 352 309 Nunc
362 293 425 309 autem
436 289 483 314 quid
493 289 521 308 illi
531 290 616 314 cogitare
625 294 705 315 possent
717 290 855 315 perspicientes
865 290 886 308 in
896 290 951 315 Sym-

294 317 345 341 bolo,
360 317 412 342 quod
422 317 490 336 dieunt
499 316 640 341 Armeniorum,
655 317 734 342 longam
748 317 868 336 additionum
878 318 951 340 seriem,

295 351 351 369 quas,
365 345 393 363 uti
408 344 473 367 fertur,
487 343 524 369 ipsi
537 343 624 363 Armenii
638 345 764 364 inseruerunt
782 345 828 363 Ideo
844 344 951 369 Gregorius

294 372 366 390 Messer
380 372 417 390 hoc
427 370 548 397 Symbolum,
561 371 600 390 iero
615 372 671 391 unice
686 372 739 396 apud
753 378 799 390 suos
813 372 887 396 vigens,
901 372 951 390 tueri

295 399 359 417 studet
369 405 380 417 a
390 399 481 417 molestiis
491 401 510 417 et
520 399 644 423 aggressibus
655 400 714 424 partis
724 399 821 421 Russicae,
832 399 929 418 deducens
940 406 951 417 a

295 426 335 444 suis
345 425 517 451 perquisitionibus
527 425 667 450 conclusiones,
678 433 727 450 quae
737 429 854 450 sequuntur:

352 453 478 479 „Symbolum
488 452 587 471 Ecclesiae
596 454 691 472 Armense
703 453 754 472 idem
766 456 795 472 est
807 460 829 472 ac
839 453 950 476 Nicaenum,

295 483 359 499 tamen
366 480 506 505 locupletatum
513 479 674 505 explicationibus
684 481 745 505 magis
753 481 871 504 necessariiS,
881 481 951 505 partim

295 508 320 526 ab
330 508 372 532 ipso
383 507 427 526 divo
436 507 531 532 Gregorio
541 507 682 532 Illuminatore,
693 508 762 532 partim
772 508 796 526 ab
807 508 848 526 eius
858 508 950 533 proximis

294 535 443 558 successoribus,
458 537 502 553 ante
513 534 621 553 Concilium
635 535 755 559 Ephes'inum
770 535 828 553 vitam
843 535 950 560 agentibus,

295 565 317 580 ut
325 562 402 580 omnino
411 562 521 580 reficiantur
528 563 667 587 perversissimi
675 569 753 581 errores
761 562 833 581 Omnes
841 562 950 587 praedictae

296 589 432 614 explicationes
441 595 491 612 vero,
498 595 552 607 nunc
560 590 625 613 quoad
632 590 729 612 terminos,
734 596 787 608 nunc
795 589 860 614 quoad
868 596 950 612 sensum,

296 616 408 641 desumptae
423 619 477 635 erant
488 622 560 641 magna
574 623 597 635 ex
608 619 662 641 parte
676 623 686 635 a
698 616 792 642 Symbolo
805 616 887 635 Concilii
900 616 950 635 Con-

296 643 469 668 stantinopolitani,
484 649 523 667 quo
535 646 617 662 utuntur
632 644 694 662 adbuc
707 644 826 663 Graecorum
840 644 947 662 ecclesiae*

350 671 424 689 Deinde
439 671 459 689 in
474 670 538 689 cordis
553 670 583 689 sui
597 671 723 690 amaritudine
737 671 800 696 pergit
816 674 881 690 noster
896 671 950 690 Cate-

296 698 357 716 chista
372 698 447 717 diceus:
467 697 562 720 „Peccant
575 697 634 722 igitur
648 702 748 723 peccatum
762 698 900 721 irremissibile,
917 699 949 723 qui

295 728 398 750 postquam
407 725 458 743 banc
468 725 567 744 vex-itatem
581 728 719 750 cognoverunt,
734 726 797 744 denuo
807 726 853 744 vitio
864 725 950 750 inculpa-

297 752 354 771 tionis
364 752 470 771 recidentes
479 752 500 770 in
510 752 630 777 suspiciones
642 753 751 771 temerarias
765 759 866 772 censurare
879 753 950 771 audent

294 779 403 798 Ecclesiam
410 783 495 798 nostram
503 779 639 803 intemeratam,
647 780 702 804 quasi
712 780 772 798 factae
781 783 845 799 essent
854 780 875 799 in
884 783 949 799 nostro

295 807 389 832 Symbola
400 807 507 825 additiones
517 813 529 825 a
537 807 600 829 nobis,
610 807 724 826 adinventae
733 807 765 826 vel
776 807 883 832 profanae.¹‘

352 834 450 856 „Ecclesia
465 835 548 853 Armene
561 834 635 859 igit-113·
653 835 680 853 sic
695 834 794 853 contendit
807 835 838 853 hic
855 835 949 859 Magister,

298 867 369 885 „quum
385 861 443 880 semel
457 861 578 885 adoptaverit
592 861 707 887 Symbolum
721 862 827 880 Nicaenum
841 862 902 888 (quod
916 868 949 887 per

296 888 315 907 S.
330 888 431 907 Aristacen
449 889 469 907 in
485 888 596 907 Armeniam
614 889 674 907 latum
694 892 722 907 est
738 889 906 914 approbatumque
925 889 948 907 ab

295 915 427 934 Illuminatore
441 919 495 940 patre
507 915 548 934 eius
563 922 607 934 oum
621 916 718 935 additione
733 916 886 941 glorificationis,
901 923 948 941 quae

296 943 393 961 invenitur
405 943 425 961 in
436 944 474 961 fine
487 943 549 965 nostri
558 943 654 968 Symboli)
669 944 743 962 curavit
758 943 809 962 omni
821 947 913 968 tempore,
928 947 948 962 ut

296 970 393 994 integrum
409 973 517 989 servaretur
533 973 552 989 et
568 970 642 995 absque
659 971 807 994 mutationibus,
826 971 885 995 idque
901 971 948 989 adeo

296 1004 370 1016 summa
385 1004 428 1016 cum
442 998 574 1020 veneratione,
589 1001 610 1016 ut
624 998 680 1016 etiam
695 1001 740 1023 post
754 998 917 1017 confirmationem
931 1001 949 1016 et

295 1025 469 1049 promulgationem
484 1024 573 1050 Symboli
588 1024 804 1050 Coustantinopolitani,
821 1025 874 1050 quod
888 1025 948 1050 magis

296 1055 353 1076 patet,
367 1059 406 1070 non
419 1052 517 1076 reliquerit
531 1058 595 1076 neque
609 1053 662 1077 prius
676 1059 739 1077 neque
752 1053 851 1077 posterius,
867 1056 885 1071 et
897 1052 948 1077 quod

296 1079 357 1097 defuit
364 1079 402 1102 uni,
412 1079 511 1104 complens
518 1086 541 1098 ex
549 1079 614 1102 alteru,
625 1083 750 1104 utrorumque
758 1080 887 1098 conservatrix
895 1080 945 1099 fuit.m

296 1106 394 1131 (Instruct.
406 1107 464 1125 doctr.
475 1106 537 1125 christ
547 1107 774 1132 pag XV111-XX1110

350 1134 404 1152 Haec
419 1134 442 1152 de
452 1133 546 1159 Symbolo
560 1133 594 1152 illo
607 1134 693 1158 quaestio
709 1137 727 1152 et
736 1134 773 1153 alia
783 1134 878 1153 Armenae
887 1134 948 1153 Litur—

296 1161 338 1185 giae
353 1164 371 1179 et
386 1161 483 1179 doctrinae
497 1164 594 1179 momenta
608 1168 619 1179 a
633 1161 701 1180 Russis
715 1165 829 1186 oppugnata
842 1164 876 1180 aut
888 1162 949 1180 invisa

296 1191 377 1206 tractata
386 1191 405 1207 et
415 1188 494 1207 defensa
508 1191 554 1206 sunt
565 1188 586 1206 in
596 1195 654 1207 sensu
664 1189 743 1207 Messeri
757 1189 814 1207 etiam
829 1189 918 1207 idiomate
931 1193 948 1207 et

296 1215 348 1240 typis
359 1215 433 1239 gallicis
448 1216 472 1234 ab
482 1215 574 1234 Eduardo
584 1216 691 1240 Dulaurier,
706 1222 762 1240 quem
772 1216 830 1240 paulo
846 1219 890 1235 ante
900 1222 948 1234 com-

296 1243 450 1266 memoravimus,
465 1242 576 1262 Professore
585 1243 680 1262 Armenae
695 1243 772 1268 linguae
782 1243 865 1262 Parisiis.
880 1243 949 1262 Omnia

297 1270 354 1288 nobis
369 1270 450 1289 suadent
463 1272 530 1295 putare
539 1270 641 1289 Armenios
653 1271 734 1289 Ruasiae
748 1277 783 1295 per
798 1270 892 1289 calamum
905 1270 949 1289 licet

297 1297 435 1316 mercenarium
451 1297 503 1316 Galli
516 1297 598 1316 hominis
615 1298 654 1316 suis
673 1298 731 1316 rebus
745 1298 886 1322 reputationem
900 1298 948 1317 inter

297 1324 372 1343 Russos
382 1328 458 1349 captare
468 1324 557 1344 voluisse.
572 1324 610 1344 Sed
619 1328 683 1344 tamen
694 1325 737 1349 quis
747 1325 823 1344 eredere
834 1325 904 1350 poterit
912 1325 948 1343 hoc

297 1352 452 1376 suppositionum
464 1352 541 1371 cumulo
552 1352 639 1371 satisfieri
651 1359 708 1377 posse
720 1352 812 1371 eeclesiae
824 1352 876 1371 illius
886 1355 948 1377 pasto-
