1088 1669
791 219 799 234 7

147 253 209 271 terim:
230 252 265 271 Die
289 252 444 277 vorziiglichsten
465 252 660 276 Denkwiirdigkeiten
682 251 715 270 der
736 252 802 270 christ-

148 279 283 298 katholischen
291 279 367 302 Kirche,
374 279 437 298 Mainz
447 280 503 302 1825,
510 282 554 298 tom.
562 279 599 302 IV„
606 279 656 297 Part.
666 280 686 300 2..
696 285 740 304 pag.
749 279 801 304 235).

148 307 244 326 Schrb'der
258 306 307 325 illud
322 306 368 325 dicit
385 307 506 330 „Nicaenum⁷
521 306 552 325 cui
566 306 802 330 Constantinopolitanum

148 335 261 352 insertum'‘.
277 333 331 358 (Joh.
342 333 360 352 J.
372 333 471 355 Schrb'der,
480 334 591 352 Thesaurus
600 334 679 358 linguae
688 333 800 352 armenicae.

148 361 228 380 Amster.
236 362 272 379 171
278 362 302 384 1.)
308 360 389 379 Omissis
394 361 483 385 pluribus
489 360 531 379 aliis
537 361 640 383 veteribus.
646 361 665 378 in
671 360 801 379 recentissima

148 391 210 407 aetate
217 388 321 406 Eduardus
329 388 431 406 Dulaurier
441 388 461 406 in
469 395 534 412 opere:
543 388 628 406 Histoire
638 387 672 406 des
680 388 759 412 dogmes
767 390 802 407 etc,

148 416 172 434 de
182 415 254 440 l'eglise
262 415 394 436 Armenienne=
405 417 425 434 2¹
434 415 462 434 ed.
472 416 522 434 1857
534 422 575 439 pag.
586 416 692 434 132—134
700 417 719 433 et
728 415 765 433 175
773 421 802 433 re-

148 443 196 468 petit
203 442 228 461 ad
236 442 327 461 amussim
337 442 405 465 omnia,
416 448 543 467 quaecunque
551 442 575 460 ab
583 442 678 460 Armeniis
688 442 725 460 dici
735 442 802 461 solent.

147 470 202 489 Felix
213 470 270 491 Neve,
281 470 378 494 professor
387 469 408 487 in
418 469 547 488 Universitate
556 469 677 492 Lovaniensi¹
688 472 710 492 et,
720 472 742 488 ut
752 469 803 488 Vide-

147 501 185 520 tur,
203 497 259 516 etiam
274 497 352 521 linguae
366 497 473 515 armenicae
487 497 566 521 peritus,
584 497 617 521 qui
631 497 651 514 in
665 503 700 515 sua
715 497 803 515 disserta-

150 525 201 543 tione
213 524 238 542 de
248 524 347 549 Spiritus
362 524 441 542 Sancti
453 524 601 544 invocatione
613 524 673 548 apud
684 523 801 542 Armenios

149 552 213 576 (Felix
227 551 285 574 Neve,
300 551 323 570 de
338 551 461 569 l'invocation
475 551 502 569 du
517 551 533 569 S.
548 551 614 575 Esprit
629 551 676 569 dans
691 551 710 569 la
724 551 801 575 liturgia

149 579 278 602 armenienne,
293 578 381 597 Louvain
393 579 451 602 1862,
466 585 508 603 pag.
520 579 559 602 14.)
569 585 609 596 non
619 578 695 596 dubitat
706 578 803 603 integrum

148 605 264 631 Symbolum
278 605 366 624 Armenia
381 606 470 628 tribuere,
484 608 560 630 poterat
575 605 652 630 quidem
666 606 766 630 pervenire
778 606 803 624 ad

149 633 232 657 vestigia
246 633 335 655 veritatis,
353 633 369 651 si
383 639 413 651 res
428 633 491 657 ipsum
506 635 581 651 tantum
595 633 693 657 attigisset,
708 636 802 657 quantum

148 667 217 679 revera
229 660 291 684 attigit
305 660 415 682 Messerum,
426 666 483 684 quem
493 667 552 684 supra
561 660 756 678 commemoravimus.

202 688 221 705 Is
230 687 282 712 apud
292 694 338 705 suos
345 687 425 705 illustris
435 687 525 711 magister
534 688 555 705 in
563 687 610 706 urbe
618 687 698 705 Moscua
705 687 802 712 religionis

148 715 246 739 professor
263 715 283 732 in
299 714 402 733 Academia
418 714 553 733 Armeniorum
573 717 591 733 et
607 715 627 733 in
644 715 696 733 omni
713 714 803 733 Armenia

149 742 236 760 subiecta
245 742 365 760 immediatae
378 742 505 760 iurisdictioni
515 741 636 760 Patx-iarehae
644 742 802 760 Ecimiazinensis

148 771 246 793 tamquam
256 769 323 787 eximia
333 769 436 787 auctoritas
444 769 464 787 in
471 769 594 793 Theologicis
603 769 709 793 disciplinis
719 769 802 791 habitus⁷

149 803 209 821 quum
219 796 243 814 ab
254 802 304 814 anno
314 797 365 815 1850
376 796 396 814 in
406 803 462 814 usum
470 796 567 814 variarum
575 796 665 814 classium
676 796 802 815 catechismos

149 823 229 842 ediderit
244 823 284 848 (qui
298 823 384 848 repetitis
399 823 475 842 vicibus
490 824 592 848 approbati
606 826 652 841 sunt
667 830 678 841 a
692 823 803 842 novissimis

149 851 226 869 duobus
236 851 351 869 Patriarchis
366 854 385 869 et
400 857 410 869 a
420 850 500 876 Synodo
514 851 634 875 permanenti
643 850 803 876 Efflmiuiuensi),

148 882 281 903 opportunum
302 878 395 896 iudicavit
416 879 443 896 eis
464 878 584 902 praemittere
607 878 760 896 dissertationem
779 878 803 897 de

149 905 247 930 Symbolo,
258 905 281 923 dc
290 912 328 929 quo
336 905 403 929 agitur,
414 905 506 929 peculiari
514 905 598 929 quodam
607 911 677 929 genere
685 905 804 928 cruditionis,

149 939 199 957 quae
211 939 251 950 non
263 933 403 956 transgreditur
416 933 463 950 fines
478 932 584 951 editionum
596 932 745 951 Armenicarum.
762 933 802 951 Nos

149 962 218 982 autem⁷
235 960 268 983 qui
286 966 329 978 cum
345 959 379 978 illo
393 960 493 984 negotium
509 960 612 978 habuimus
630 960 715 984 quinque
732 960 803 978 abhinc

149 987 210 1009 annis,
225 993 285 1011 quum
297 987 320 1005 de
334 987 468 1005 controversiis
482 987 531 1005 inter
540 987 648 1005 Ecclesiam
663 987 774 1005 catholicam
785 990 804 1005 et

149 1014 249 1032 Armenios
258 1014 374 1032 acatholicos
384 1014 496 1038 scribentes,
508 1014 651 1038 designavimus
659 1014 774 1032 variationes
785 1017 804 1033 et

149 1041 274 1059 titubationes
288 1041 386 1060 doctrinae
399 1048 465 1060 eorum
479 1042 499 1059 in
513 1043 538 1060 50
554 1044 694 1066 postremorum
709 1048 803 1060 annorum

149 1068 211 1093 spatio
234 1075 293 1093 supra
314 1069 377 1087 basim
397 1069 556 1087 catechismorum
578 1069 672 1087 editorum
691 1069 803 1087 auctoritate

149 1102 215 1114 eorum
234 1095 388 1114 Patriarcharum
410 1096 529 1120 aliorumque
552 1096 682 1120 superiorum,
707 1096 803 1114 debitores

148 1123 213 1142 adhuc
223 1129 289 1141 sumus
303 1123 319 1141 ei
332 1123 382 1141 circa
392 1123 445 1142 illam
455 1123 607 1141 dissertationem
617 1123 769 1147 praeliminarem
780 1123 803 1141 tle

149 1150 248 1175 Symbolo.

204 1177 223 1196 Si
233 1177 305 1195 Messer
314 1177 334 1195 in
344 1177 402 1196 huius
412 1177 500 1203 Symboli
509 1177 639 1196 defensionem
647 1177 745 1202 speciatim
752 1177 803 1195 vires

148 1204 248 1223 intendere
258 1204 308 1227 velit„
320 1211 359 1223 non
370 1205 464 1223 immerito
476 1205 513 1223 hoc
526 1205 550 1223 ab
561 1212 583 1223 eo
593 1205 622 1228 fit3
634 1211 692 1223 causa
704 1204 754 1223 enirn
764 1211 803 1222 non

149 1231 198 1250 levis
213 1232 271 1250 adest.
287 1232 334 1250 Pars
349 1239 388 1250 una
401 1232 493 1250 ecclesiae
502 1232 597 1250 Armenae
612 1231 729 1250 acatholicae
742 1238 803 1255 eaque

149 1259 238 1277 centralis
249 1259 325 1283 cogitur
335 1259 437 1278 observare
448 1259 542 1283 quasdam
552 1259 636 1278 cautelas
646 1265 711 1277 coram
719 1258 803 1279 ecclesia.

149 1293 198 1311 quae
209 1289 288 1304 vocatur
298 1286 361 1305 Russa
375 1286 407 1305 vel
418 1286 496 1309 Graeca,
509 1293 558 1311 quae
569 1293 580 1305 a
590 1293 641 1305 nono
654 1286 731 1305 saeculo
741 1292 803 1310 usque

148 1313 206 1332 hodie
225 1313 331 1332 efformavit
350 1314 442 1332 adversus
462 1314 567 1332 Romanam
581 1313 697 1336 Ecclesiam,
718 1313 802 1331 omnium

148 1344 229 1359 matrem
239 1343 257 1359 et
267 1341 381 1365 magistram,
395 1344 452 1365 caput
462 1341 595 1364 accusationis,
608 1341 661 1365 quod
674 1341 721 1359 haec
731 1340 802 1358 inseru-

149 1369 185 1387 erit
199 1368 275 1386 unicam
290 1368 388 1387 dumtaxat
403 1368 516 1393 particulam
530 1368 551 1387 in
565 1368 666 1394 Symbolo,
685 1368 738 1392 quod
752 1367 803 1386 licite
