3854 6084
485 576 527 641 10

595 712 627 780 1.
652 704 889 782 Credimus
916 705 961 779 in
984 733 1120 780 unum
1144 704 1282 780 Deum
1306 703 1486 780 Patrem
1511 705 1792 803 omnipoten-

482 826 570 890 tem
596 825 843 889 creatorem
869 812 986 888 coeli
1009 824 1052 889 et
1071 825 1222 889 terrae.
1255 811 1440 903 Quamvis
1459 840 1539 887 000
1560 838 1701 906 omnes,
1722 813 1793 889 sed

483 925 575 999 satis
595 922 788 997 numerosi
808 922 959 998 codices
978 949 1049 1024 pro
1074 929 1234 1022 wpmplrg
1258 921 1497 1025 (creatorem)
1521 922 1658 1021 legunt
1682 957 1794 1022 erpw-

477 1068 553 1133 [000
589 1029 830 1133 (creantem),
863 1057 952 1106 cum
985 1030 1191 1130 exemplari
1223 1031 1393 1106 Nersetis
1426 1030 1494 1106 III.
1523 1033 1564 1104 in
1596 1031 1794 1131 praedicta

482 1139 646 1240 epistola
663 1139 715 1214 ad
734 1139 907 1216 Graecos
928 1139 1082 1228 saeculo
1102 1139 1186 1214 Vll.
1207 1151 1244 1215 et
1269 1165 1357 1214 cum
1383 1140 1503 1215 altero
1525 1139 1732 1238 exemplari
1750 1141 1793 1213 in

481 1249 676 1348 liturgiam
694 1250 838 1322 inserto
858 1274 881 1322 a
898 1249 1058 1324 Nersete
1077 1249 1357 1348 Lampronensi
1386 1249 1427 1322 in
1450 1275 1521 1324 sua
1533 1248 1793 1348 Ι1300001110οε)

481 1359 632 1450 Missae,
661 1357 895 1456 suffragante
924 1359 1036 1432 etiam
1057 1357 1189 1432 codice
1209 1356 1494 1456 Pesdimalgian
1524 1383 1611 1431 cum
1630 1367 1688 1431 tot
1707 1357 1794 1431 aliis

482 1468 531 1543 ab
552 1468 637 1566 ipso
658 1466 889 1561 observatis;
908 1466 948 1540 id
968 1479 1094 1541 tamen
1111 1465 1206 1540 nihil
1222 1467 1356 1540 attinet
1376 1467 1425 1540 ad
1439 1477 1586 1541 textum
1600 1491 1793 1564 graecum.

591 1593 737 1668 Verum
770 1592 890 1667 coeli
923 1605 966 1668 et
997 1604 1144 1667 terrae
1178 1604 1235 1666 est
1268 1590 1424 1690 quidem
1451 1590 1565 1667 lectio
1601 1619 1793 1692 agraeeo

484 1701 704 1800 discrepans
725 1711 761 1774 et
781 1714 837 1774 est
856 1711 1085 1800 proadvrov,
1108 1701 1318 1798 Nunquam
1332 1701 1492 1776 variatio
1511 1714 1715 1801 perspecta
1735 1712 1794 1775 est

483 1811 659 1885 codicum
679 1811 780 1884 circa
799 1809 873 1884 hoc
892 1820 1088 1910 punctum.
1109 1810 1283 1884 Potuerit
1303 1810 1460 1906 quidem
1475 1809 1614 1908 aliquis
1632 1810 1793 1909 opinari,

411 1925 428 1994 ζ
483 1929 678 2020 sumptum
697 1944 781 1993 esse
798 1945 820 1994 a
840 1917 1027 2021 Symbola
1044 1917 1472 2018 Constantinopolitano
1494 1919 1599 2016 quod
1618 1919 1794 1993 inverisi-

481 2027 571 2104 mile
590 2053 667 2100 non
690 2038 799 2102 esset.
821 2027 901 2102 Nos
920 2041 1048 2101 tamen
1067 2053 1138 2127 pro
1159 2039 1261 2103 certo
1283 2027 1470 2106 habemus
1490 2038 1666 2102 nostrum
1679 2029 1793 2103 inter-

407 2165 415 2178 ¹
481 2147 628 2236 pretem
659 2162 797 2234 graeco
831 2136 1051 2210 huiusmodi
1084 2147 1190 2210 textu
1223 2162 1336 2210 usum
1356 2161 1448 2212 esse.
1488 2135 1693 2212 Caeterum
1725 2135 1794 2210 illa

484 2244 677 2344 expressio
707 2243 824 2319 coeli
853 2256 897 2319 et
923 2257 1068 2318 terrae
1095 2247 1217 2343 magis
1248 2256 1305 2319 est
1332 2245 1472 2319 idonea
1496 2247 1691 2320 mentibus
1719 2245 1793 2320 ele·

482 2354 628 2445 vendis,
658 2379 773 2450 quam
802 2349 962 2453 simplex
992 2359 1133 2441 πάντων,
1158 2354 1380 2453 praesertim
1407 2379 1495 2429 cum
1514 2355 1794 2453 perspiciamus

481 2461 710 2564 Symbolum
729 2488 884 2560 quoque
899 2461 1294 2564 Hierosolymitanum
1308 2464 1413 2560 apud
1429 2463 1462 2540 S.
1479 2461 1671 2565 Cyrillum
1691 2473 1794 2537 certe

483 2582 571 2646 ante
599 2569 801 2672 Synodum
831 2570 1301 2671 Constantinopolitanam
1335 2572 1469 2647 eadam
1503 2574 1639 2647 verba:
1675 2571 1794 2646 coeli

482 2691 524 2755 et
549 2683 697 2754 terrae
723 2681 885 2774 habere.⁴

591 2810 622 2880 2.
649 2805 706 2879 Et
729 2807 775 2880 in
794 2832 929 2881 unum
949 2807 1185 2880 Dominum
1204 2803 1231 2879 J
1238 2832 1359 2882 esum
1380 2805 1628 2883 Christum.
1659 2807 1793 2882 Pesdi-

459 2914 649 3014 ,malgian
673 2926 804 2989 monet
826 2915 867 2987 in
894 2941 964 2989 suo
986 2913 1128 2990 Codice
1155 2915 1267 2990 simul
1293 2942 1380 2990 cum
1404 2915 1488 2990 aliis
1514 2915 1793 2992 vetustioribus

482 3024 575 3123 legi:
608 3022 848 3118 Credimus
873 3034 916 3098 et
942 3025 987 3097 in
1013 3051 1148 3099 unum
1175 3035 1258 3116 etc,
1288 3025 1392 3122 quod
1412 3025 1587 3101 videmus
1613 3025 1725 3099 etiam
1749 3025 1794 3098 in

483 3159 597 3232 opere
612 3133 804 3230 adscripto
827 3125 1016 3232 Gregorio
1037 3135 1218 3235 episcopo
1234 3134 1557 3208 Arsarunensium
1577 3133 1627 3207 ad
1649 3132 1795 3236 calcem

482 3239 745 3316 Catecheseon
761 3241 901 3343 Cyrilli
922 3242 1021 3338 (edit.
1040 3241 1331 3341 Constantinop.
1347 3269 1431 3342 pag.
1451 3239 1543 3342 171)
1564 3252 1602 3316 et
1616 3242 1707 3318 licet
1721 3269 1794 3317 000

482 3374 643 3449 graecus
663 3377 735 3423 nee
755 3350 947 3450 exemplar
966 3352 1135 3426 Nersetis
1155 3352 1231 3438 HL,
1251 3377 1377 3448 neque
1397 3351 1496 3426 alius
1517 3350 1639 3426 codex
1659 3378 1795 3452 perve-

482 3474 609 3533 tustus
639 3457 766 3533 adhuc
794 3459 997 3534 lectionem
1024 3458 1130 3534 illam
1159 3461 1475 3560 comprobaverit,
1504 3472 1636 3559 posset
1664 3473 1794 3535 tamen

243 3603 244 3611 1
373 3594 376 3599 ’
481 3568 669 3642 rationem
683 3593 792 3642 suam
806 3569 947 3643 habere
966 3571 1005 3641 in
1020 3579 1127 3644 textu
1142 3595 1290 3668 graeco,
1317 3596 1393 3668 quo
1409 3594 1504 3643 usus
1521 3581 1579 3643 est
1592 3570 1792 3670 interpres.

594 3719 626 3788 3.
649 3713 861 3791 Cenitum
881 3741 931 3789 ex
952 3714 1046 3790 Deo
1064 3726 1191 3814 patre
1210 3715 1525 3814 Unigenitum,
1547 3715 1632 3790 hoo
1653 3727 1722 3790 est
1742 3741 1795 3789 ex

484 3823 743 3902 substantia
762 3823 925 3926 Patris.
946 3825 993 3898 In
1009 3825 1154 3922 vigenti
1174 3834 1280 3899 textu
1300 3851 1454 3898 armeno
1470 3824 1613 3922 legitur
1627 3831 1794 3922 knrldlnb

484 3940 604 4024 (οὐσία,
619 3932 849 4026 substantia)
869 3933 909 4005 in
928 3932 996 4008 illo
1010 3935 1180 4008 Nersetis
1200 3934 1269 4008 111.
1292 3933 1446 4008 saeculo
1464 3933 1558 4008 VII:
1578 3937 1795 4032 qnymffllnb,

370 4123 371 4130 ἵ
485 4041 590 4138 quod
616 4041 771 4114 nonnisi
796 4067 1061 4145 synonymum
1087 4055 1144 4117 est
1168 4043 1294 4141 priori.

596 4190 629 4257 4.
654 4185 717 4258 De
737 4185 832 4260 Deo
853 4214 959 4261 vero
986 4189 1198 4286 genitum,
1223 4214 1314 4261 000
1339 4188 1515 4262 facturn.
1545 4187 1691 4262 Textus
1710 4185 1795 4260 vul-

485 4303 599 4391 gatus
629 4317 808 4370 armenus
843 4297 997 4394 proprie
1030 4298 1161 4391 habet3
1196 4298 1418 4395 genimen,
1451 4322 1540 4370 000
1574 4311 1793 4389 creatura,

486 4427 585 4498 quae
604 4400 717 4476 lectio
743 4430 823 4478 non
843 4417 900 4478 est
919 4405 1033 4480 valde
1057 4432 1176 4501 nova;
1204 4432 1295 4482 nam
1319 4407 1430 4480 etiam
1449 4405 1590 4480 Nerses
1609 4405 1795 4504 Lampro-

424 4563 426 4567 -
486 4511 616 4583 nensis
649 4513 702 4585 ita
734 4512 829 4611 legit
858 4527 895 4586 et
922 4515 962 4586 in
991 4513 1166 4613 Liturgia
1194 4526 1231 4590 et
1258 4515 1297 4587 in
1326 4515 1576 4614 Expositione
1607 4512 1795 4616 Symboli.

484 4617 617 4692 Altera
650 4647 741 4695 vero
781 4623 895 4697 lectio
933 4622 1071 4726 (cbbmy
1103 4629 1140 4698 br
1174 4658 1217 4720 ng
1255 4629 1467 4724 wpmpbmy,
1508 4623 1680 4722 genitum
1712 4648 1795 4696 non

487 4727 644 4826 factum)
673 4729 823 4805 videtur
852 4757 935 4806 esse
964 4733 1203 4822 authentica3
1233 4735 1287 4806 sic
1316 4734 1418 4806 enirn
1443 4732 1535 4830 legit
1558 4733 1700 4806 Nerses
1725 4731 1792 4806 ΙΙΙ.

488 4861 582 4910 saec.
592 4837 675 4912 VII.
690 4838 977 4940 Pesdimalgian
992 4853 1119 4915 autem
1132 4843 1280 4915 invenit
1293 4842 1595 4916 vetustissimum
1610 4838 1795 4920 Codicem

486 4945 620 5020 eadem
655 4946 819 5022 lectione
864 4963 901 5025 et
935 4977 1006 5050 ego
1048 4949 1180 5048 plures
1221 4949 1316 5024 alios
1355 4962 1471 5048 atque
1508 4951 1636 5024 versio
1674 4949 1795 5023 latina
1899 4989 1900 4996 1

487 5054 603 5128 huius
631 5055 811 5158 Symboli
839 5059 880 5131 10
900 5058 1061 5161 Synodo
1089 5059 1358 5133 Armeniorum
1379 5057 1522 5134 Sisensi
1552 5085 1655 5134 anno
1689 5063 1793 5134 1342

486 5165 587 5238 facta
616 5181 673 5241 est
702 5192 818 5266 super
848 5167 1069 5243 huiusmodi
1099 5168 1242 5241 codice.
