3854 6084
1405 549 1449 615 ta

248 739 309 813 lbi
338 751 472 812 nostro
494 738 948 816 Nicaeno-Athanasiano
978 761 1136 835 prorsus
1167 735 1330 826 sublat0,
1360 737 1449 810 sub-

132 849 271 920 stitum
302 859 360 922 θεῖ
389 846 620 950 Symbolum
651 844 1123 943 Constantinopolitanum
1158 869 1245 917 cum
1272 835 1458 922 versione
1498 887 1500 900 ι

130 955 333 1047 Armenia,
372 955 543 1030 Armenii
574 957 764 1034 idiomatis
793 955 949 1052 ingenio
979 980 1058 1028 non
1088 953 1234 1050 ubique
1264 977 1446 1050 congrua.
1552 965 1555 969 ’

249 1064 472 1138 Transactis
515 1079 643 1140 autem
686 1073 736 1142 40
781 1063 931 1139 circiter
960 1062 1080 1153 annis,
1127 1061 1216 1134 data
1246 1062 1448 1135 occasione
1552 1099 1556 1106 ·

130 1173 340 1272 ¹amplioris
364 1173 550 1248 librorum
586 1176 849 1274 liturgicorum
868 1171 1137 1246 Armeniorum
1165 1169 1448 1267 recognitionis,

132 1309 239 1379 quae
267 1293 360 1356 tunc
380 1282 563 1381 imprimis
583 1285 865 1358 festitanionem
888 1282 997 1379 petiit
1025 1305 1094 1377 pro
1124 1288 1239 1376 gente
1267 1277 1449 1352 Armenia

134 1390 270 1488 Regni
291 1390 483 1482 Poloniae,
511 1393 704 1467 redditum
724 1403 781 1468 cst
799 1391 1002 1465 Armeniae
1020 1387 1198 1486 liturgiae
1219 1386 1448 1488 Symbolum

132 1526 262 1573 suum.
918 1573 919 1580 ,
1085 1561 1088 1568 t

248 1609 400 1684 Puncta
428 1620 555 1704 tamen
584 1608 781 1698 nonnulla,
809 1633 969 1681 numero
999 1617 1152 1704 septem,
1181 1606 1222 1678 in
1251 1631 1295 1677 eo
1314 1603 1449 1676 immu-

131 1727 219 1790 tata
238 1711 517 1814 fuerunt,‘quae
539 1718 704 1817 duplicis
726 1718 877 1816 generis
896 1725 998 1806 sunt,
1017 1714 1196 1788 videlicet
1217 1712 1291 1786 alia
1311 1713 1448 1785 doctri-

133 1825 251 1917 nalia,
300 1825 373 1899 alia
420 1839 547 1900 autem
594 1825 902 1925 grammaticalia.
950 1823 1100 1910 Nostra,
1133 1821 1248 1919 'quae
1274 1821 1448 1895 Viennae

132 1946 199 2008 θεῖ
212 1935 460 2027 bibliotheca,
479 1936 650 2010 continet
670 1934 899 2034 exemplaria
919 1931 1067 2030 aliquot
1085 1932 1295 2005 litterarum
1314 1929 1450 2027 lingua

130 2043 283 2134 Italica,
313 2070 411 2140 quae
431 2044 602 2118 Armenii
623 2044 809 2118 Poloniae
837 2041 987 2117 incolae
1016 2041 1065 2114 ad
1086 2042 1358 2142 presbyterum
1378 2040 1448 2111 Ba·

133 2152 267 2245 silium
304 2153 529 2226 Armenium
563 2151 1036 2250 Constantinopolitanum
1078 2174 1172 2224 ,cum
1220 2148 1448 2246 cognomine
1501 2185 1502 2188 ¹

131 2261 269 2336 Holov
293 2261 507 2336 mittebant
536 2262 583 2335 In
611 2263 671 2335 his
690 2287 869 2359 magnam
889 2258 1061 2334 Armenii·
1072 2257 1263 2331 idiomatis
1292 2257 1449 2355 peritiae

134 2361 291 2444 dabant
313 2371 468 2446 laudem
497 2397 589 2444 suae
618 2372 785 2444 nationis
813 2381 958 2468 gentes,
1003 2393 1118 2463 quarn
1150 2366 1239 2464 jure
1272 2366 1449 2438 meritum

131 2481 257 2554 fuisse
286 2478 512 2554 nullomodo
538 2480 698 2553 videtur.
727 2479 865 2552 Mirum
894 2488 953 2554 est
980 2477 1094 2550 talem
1116 2477 1189 2548 sibi
1210 2474 1371 2571 elegisse
1387 2473 1448 2546 vel

133 2591 376 2688 approbasse
414 2601 507 2663 tune
536 2589 719 2686 temporis
754 2587 938 2662 Poloniae
968 2585 1169 2658 Armenios
1203 2585 1450 2681 interpretem

133 2697 246 2796 apud
275 2697 430 2774 Sacram
459 2696 827 2796 Congregationem3
856 2705 962 2782 tanta
991 2695 1092 2767 eninr
1122 2703 1202 2766 erat
1230 2691 1333 2765 illius
1363 2692 1448 2764 aevi

133 2807 410 2881 Armeniorum
437 2807 651 2880 studiorum
670 2806 916 2904 negligentia.
949 2801 1047 2877 Cum
1067 2801 1184 2901 paulo
1205 2799 1450 2900 postMechi-

130 2916 387 2990 tharistarum
417 2915 538 2989 extitit
567 2914 683 3006 Ordo,
714 2941 821 2988 sacra
841 2912 1101 3010 Congregatio
1130 2937 1201 2984 usa
1231 2924 1289 2985 cst
1307 2909 1449 2982 Mechi-

132 3025 257 3098 tharis
287 3050 420 3100 eorum
448 3023 663 3097 fundatoris
694 3049 810 3121 opera
836 3023 878 3098 in
908 3021 1021 3094 simili
1059 3020 1224 3117 negotia,
1267 3018 1447 3092 videlicet

133 3134 188 3208 ad
218 3133 516 3232 recognitionem
547 3131 712 3205 Missalis
743 3131 900 3206 Ordinis
929 3130 1109 3204 Fratrum
1137 3128 1449 3202 Praedicatorum

133 3244 412 3316 Armeniorum
441 3247 559 3338 (anno
592 3246 723 3336 1724).
876 3231 878 3234 ⁵

250 3350 506 3448 Observantia
551 3350 885 3437 rectificationum,
934 3373 1032 3445 quae
1079 3359 1225 3445 partem
1273 3356 1451 3440 spectant

135 3459 402 3553 doctrinalem,
432 3458 710 3558 perfectissima
738 3484 888 3555 semper
916 3458 1015 3530 inter
1036 3453 1258 3531 Catholicos'
1286 3454 1367 3526 fuit.
1397 3454 1450 3526 At

134 3569 351 3658 nonnullae
367 3568 465 3642 male
481 3578 688 3666 conceptae
709 3567 994 3640 emendationes
1014 3591 1115 3640 mere
1135 3564 1448 3664 grammaticales,

134 3677 326 3779 peculiari
355 3677 603 3776 grammatica
631 3675 764 3750 Basilii
792 3676 946 3749 innixae
989 3675 1203 3748 executioni
1244 3673 1448 3747 mandatae

135 3813 219 3862 non
249 3800 340 3860 sunt
373 3789 421 3860 ab
451 3785 642 3874 Armeniis
686 3786 800 3858 etiam
830 3782 1039 3858 Catholicis
1069 3783 1148 3857 fere
1181 3783 1298 3856 totius
1335 3781 1448 3872 orbis,

136 3896 340 3993 sequendo
369 3897 410 3968 in
438 3895 511 3967 hac
538 3920 580 3967 re
608 3893 883 3991 prudentiam,
911 3918 1009 3988 quae
1040 3918 1061 3965 a
1091 3915 1200 3966 sacra
1229 3891 1449 3988 Congrege-

135 4007 245 4079 tione
275 4003 533 4078 commendari
562 4002 712 4076 videtur
751 4005 791 4074 in
825 4003 902 4074 fine
939 4000 1089 4074 illarum
1131 4001 1448 4074 emendationum.

135 4115 221 4212 Ipsi
251 4115 351 4186 enim
369 4112 672 4186 Eminentissimi
692 4111 825 4185 Patres
855 4137 933 4183 non
963 4111 1143 4184 videntur
1171 4111 1378 4207 perfectam
1407 4109 1447 4179 in

135 4221 273 4298 Basilii
288 4223 424 4322 peritia
438 4222 618 4314 fiduciam
634 4221 820 4319 posuisse,
835 4219 1000 4316 ideoque
1020 4218 1190 4293 cautelas
1210 4229 1448 4316 opportunas

137 4331 371 4418 adhibendo
401 4333 628 4405 observasse
658 4355 723 4403 eos
741 4333 744 4340 ’
754 4329 868 4428 plane
899 4329 1000 4402 circa
1028 4355 1130 4402 mere
1149 4325 1449 4425 grammaticalia

136 4439 242 4516 nihil¹
263 4452 432 4514 ,statuere
461 4438 630 4511 voluisse
659 4437 799 4515 additis
837 4439 877 4510 in
916 4437 1032 4510 finem
1070 4437 1349 4511 correctionum
1388 4435 1446 4507 his

138 4549 290 4626 verbis:
342 4549 508 4637 ,Verum
549 4547 700 4639 menda,
750 4573 848 4644 quae
892 4559 1025 4620 contra
1067 4545 1352 4644 grammaticam
1382 4559 1448 4617 aut

136 4655 432 4734 Haicanismum
452 4667 555 4751 sunt,
584 4657 669 4755 ipsa
689 4654 821 4757 (Sacra
842 4653 1002 4753 Oongr.)
1022 4655 1210 4752 corrigere
1230 4653 1367 4746 noluit,
1399 4679 1447 4726 ne

139 4770 282 4843 durum
310 4765 505 4866 plerisque
533 4765 718 4838 videatur.
748 4762 823 4839 Sed
841 4764 1012 4864 permisit
1032 4763 1256 4837 doctoribus
1275 4763 1447 4836 veritatis

138 4877 361 4952 amantibus
390 4887 426 4948 et
456 4875 577 4949 doctis
607 4873 876 4970 studiosisque,
906 4884 949 4945 ut
967 4873 1003 4965 ii,
1033 4873 1098 4971 qui
1119 4872 1337 4971 peritissimi
1357 4870 1447 4943 Hai-

122 4989 260 5060 'canae
289 4985 445 5084 linguae
475 4996 572 5074 sunt,
611 4980 723 5079 juxta
750 4982 880 5057 locum
910 4996 947 5055 et
983 4993 1134 5082 tempus
1171 4981 1381 5080 prudenter
1410 4981 1481 5053 et'

139 5094 328 5168 veraciter
356 5119 510 5191 operam
541 5094 631 5166 dent
659 5091 708 5164 ad
738 5118 782 5165 ea
811 5091 1047 5188 corrigenda,
1077 5090 1181 5164 etin
1211 5090 1389 5164 omnibus
1412 5100 1449 5161 et

139 5230 212 5303 pro
257 5203 436 5277 omnibus
479 5203 620 5275 veritas
662 5199 804 5274 Christi
845 5199 1026 5273 laudetur
1068 5199 1117 5273 ad
1158 5199 1339 5272 maiorem
1376 5197 1448 5271 Dei
