3854 6084
1418 578 1459 644 13

267 711 308 804 a)
336 705 485 781 Asserit
512 706 667 804 quidem
688 693 973 806 Pesdimalgian
1001 731 1080 806 per
1108 731 1240 803 quem
1257 705 1389 780 referri
1408 707 1458 781 ad

155 813 378 914 Spiritum
406 814 621 892 Sanctum
652 814 697 913 [l.
727 841 757 889 c.
785 840 871 914 pag.
902 817 987 914 50);
1015 814 1166 913 antiqui
1194 841 1286 890 vero
1306 814 1458 890 codices

155 951 235 997 non
264 924 411 999 habent
439 949 518 1023 per
547 950 688 1023 quem,
732 924 800 999 sed
828 925 958 1022 potius
988 924 1064 1022 qui
1094 934 1144 1016 et,
1188 924 1292 1021 quod
1320 949 1459 1022 graeco

157 1043 460 1109 consentaneum
488 1043 553 1108 est.

149 1223 156 1232 .
268 1159 304 1256 h)
334 1157 535 1253 Carnem,
556 1159 750 1235 anima-m
769 1170 813 1236 et
831 1170 1034 1234 mentem.
1055 1157 1117 1234 Sic
1136 1158 1272 1258 vulg03
1298 1185 1460 1259 graecus

153 1294 261 1344 vero:
304 1293 485 1343 carnem
523 1281 565 1344 et
602 1268 798 1344 animam
826 1278 906 1359 etc,
953 1269 1016 1344 cui
1045 1267 1293 1367 subtragator
1334 1280 1460 1344 textus

155 1401 335 1453 armenus
365 1376 469 1475 apud
496 1378 697 1454 Nersatem
725 1377 796 1452 ΙΙΙ.
824 1377 950 1451 medio
980 1401 1076 1452 saec.
1105 1376 1188 1451 VII.

265 1524 299 1622 c)
328 1520 484 1595 Adsunt
511 1522 625 1598 nobis
645 1522 825 1597 nonnulli
842 1520 1005 1598 Codices
1028 1532 1065 1596 et
1084 1519 1294 1597 nonnullos
1314 1521 1463 1595 invenit

155 1631 269 1704 etiam
297 1630 592 1729 Pesdimalgian,
623 1633 767 1728 quibus
796 1631 909 1706 etiam
928 1631 1230 1728 Lampronensis
1258 1631 1299 1703 in
1316 1630 1462 1727 Expos.

157 1738 335 1842 Symboli
360 1739 605 1838 suffragatur,
637 1739 703 1837 qui
717 1765 789 1838 pro
809 1765 947 1830 omne,
977 1737 1200 1836 quidquid
1217 1741 1263 1812 in
1281 1739 1462 1813 homine

156 1859 233 1940 est,
262 1847 419 1924 habent:
449 1874 577 1924 omne
606 1848 833 1946 quidquid
852 1859 920 1922 θεῖ
938 1847 1078 1922 homo.
1097 1848 1262 1922 Textum
1280 1872 1462 1946 graecum

154 1958 194 2030 in
209 1983 327 2031 manu
343 1958 558 2055 interpretis
569 1968 745 2032 accurate
760 1959 860 2033 hanc
876 1957 1049 2031 ultimam
1063 1955 1266 2030 lectionem
1282 1956 1464 2030 habuisse

154 2065 273 2167 paulo
303 2075 392 2165 post
420 2066 646 2141 videbimus.

267 2193 305 2290 d)
333 2192 380 2266 In
399 2218 535 2291 graeco
557 2194 686 2268 statim
706 2205 796 2292 post
813 2194 859 2267 in
878 2183 1057 2266 homine
1077 2191 1253 2290 sequitur
1272 2190 1463 2266 clausula:

157 2303 256 2378 sine
289 2312 490 2402 peccato.
523 2301 570 2376 Id
599 2330 644 2377 ex
674 2301 872 2377 codicibus
907 2301 1070 2375 armenis
1100 2301 1274 2376 nondum
1299 2300 1466 2382 emersit:

156 2423 195 2488 at
214 2411 514 2510 Lampronensis
533 2411 688 2512 proprie
718 2412 758 2485 in
777 2409 956 2486 hocloco
976 2410 1111 2484 inserit
1128 2407 1191 2484 vel
1210 2409 1315 2507 legit:
1337 2416 1462 2506 propp

156 2529 299 2622 elquy,
331 2519 504 2622 (excepto
533 2531 702 2620 peccatO,
727 2534 837 2617 χωρὶς
853 2518 1036 2621 ἁμαρτίας.)

266 2669 301 2762 a)
330 2665 519 2739 Nonnulli
559 2664 723 2742 Codices
758 2666 870 2764 juxta
904 2664 1107 2763 vulgatum
1147 2675 1293 2739 textum
1330 2663 1467 2762 legunt

157 2775 369 2850 dumtaxat:
418 2799 525 2848 vere
559 2785 602 2850 at
635 2800 729 2848 non
767 2775 964 2848 fictione
1008 2775 1361 2873 (phantasmate)
1401 2769 1467 2846 alii

156 2893 298 2958 autem:
327 2908 434 2959 vere
463 2894 505 2959 et
532 2910 619 2957 non
638 2883 962 2984 phantasmate
981 2884 1157 2959 habens
1177 2882 1254 2984 (vel
1273 2879 1465 2982 habuit).

156 3017 257 3090 quae
290 2990 508 3067 referuntur
540 2993 590 3067 ad
618 2994 698 3090 qui
728 3003 779 3090 et,
815 2990 861 3066 de
890 3017 968 3090 quo
1006 3018 1123 3090 supra
1151 2992 1201 3066 ad
1228 2991 1393 3065 litteram
1426 2995 1467 3086 a)

155 3100 391 3194 notavimus,
419 3101 599 3176 nonnulli
627 3101 799 3176 tandem:
827 3113 1001 3177 vereat
1027 3128 1118 3175 non
1145 3099 1468 3200 phantasmata

155 3208 333 3284 habens
362 3208 532 3312 (turpabo
560 3217 736 3310 nrbbpnl).
776 3208 950 3286 Graccus
987 3212 1160 3286 verificat
1187 3209 1315 3283 solum
1351 3208 1468 3282 modo

155 3318 375 3393 lectionem:
397 3344 501 3393 vere
531 3331 573 3394 θῖ
592 3345 682 3394 non
700 3320 1015 3419 phantasmata
1035 3317 1174 3420 (ficte)
1204 3318 1378 3393 habens
1408 3317 1467 3416 (id

157 3436 231 3501 est:
266 3452 421 3501 carnem
453 3439 491 3501 et
525 3423 705 3502 animam
728 3453 771 3503 ac
805 3428 999 3528 mentem);
1034 3427 1136 3503 unde
1172 3426 1464 3527 complectendo

157 3536 286 3611 omnia
315 3560 570 3635 quaecunque
604 3537 852 3637 praecedunt,
888 3536 1001 3612 lectio
1040 3538 1261 3612 authentica
1290 3547 1327 3612 et
1356 3536 1468 3634 origi-

156 3645 256 3720 nalis
285 3655 343 3722 θεῖ
370 3645 478 3720 haec:

274 3755 417 3843 „Natus
430 3765 488 3830 est
502 3755 670 3854 perfecte
686 3781 732 3830 ex
742 3755 863 3830 Maria
876 3753 1017 3829 Sancta
1029 3755 1189 3853 Virgine
1200 3780 1268 3853 per
1280 3753 1465 3855 Spiritum

157 3862 358 3957 Sanctum,
400 3864 467 3962 qui
496 3875 533 3938 et
562 3890 717 3966 carnem
746 3877 784 3940 et
811 3864 976 3939 animam
1006 3889 1049 3938 ac
1083 3875 1250 3938 mentem
1279 3874 1316 3937 et
1346 3889 1467 3955 omne,

159 3971 352 4071 quidquid
382 3983 439 4048 θεῖ
466 3973 592 4067 homo,
620 3999 711 4048 vere
741 3986 778 4049 at
806 3999 885 4047 non
913 3972 1184 4071 phantasmate
1210 3973 1384 4047 habuit“.

267 4081 429 4178 Accidit,
470 4093 515 4157 ut
547 4093 638 4183 post
671 4080 846 4158 nonnula
884 4083 1038 4156 saecula
1078 4081 1152 4158 hoc
1193 4081 1368 4156 habens
1404 4078 1467 4153 vel

156 4191 323 4266 habuit
350 4217 600 4290 suppressum
629 4193 679 4266 sit
706 4193 746 4265 in
773 4193 851 4266 fine
879 4191 1112 4291 praemissae
1137 4191 1286 4290 periodi
1306 4189 1467 4286 eiusque

156 4301 245 4376 loco
274 4300 316 4374 in
333 4300 444 4375 initio
463 4299 565 4376 illius
584 4302 733 4402 periodi
753 4302 984 4376 insereretur
1003 4301 1179 4376 verbum:
1209 4298 1468 4396 assumpsit,

159 4436 238 4508 quo
269 4408 419 4484 facilior
448 4409 703 4510 intelligentia
738 4410 855 4485 huius
890 4408 1042 4486 articuli
1074 4410 1225 4486 reddita
1252 4419 1318 4484 est
1361 4406 1468 4482 Talis

157 4544 294 4622 reuera
322 4530 380 4593 est
399 4542 524 4614 causa,
554 4523 603 4594 ob
626 4545 742 4616 quam
760 4518 940 4595 nonnulli
960 4518 1120 4610 codices,
1151 4545 1238 4594 cum
1256 4519 1469 4591 insererent

158 4653 303 4702 novum
333 4630 595 4727 assumpsit,
627 4640 880 4704 servaverunt
908 4628 1043 4703 eodem
1062 4639 1233 4728 tempore
1263 4626 1466 4724 antiquum

157 4736 326 4812 habuit
355 4737 416 4812 vel
444 4737 615 4813 habens
636 4738 817 4840 (nrbbpml)
837 4736 942 4813 unde
962 4750 1045 4812 orta
1074 4747 1132 4812 est
1152 4735 1343 4830 confusi03
1371 4735 1468 4808 etin

158 4846 234 4921 hoc
262 4870 357 4922 casu
385 4845 593 4944 aliquando
623 4848 792 4946 phrasis:
819 4873 908 4922 non
938 4846 1257 4945 phantasmate
1288 4844 1465 4918 habens

158 4957 361 5032 immutata
380 4957 496 5030 estin
516 4981 605 5030 non
633 4957 906 5056 phantasma
934 4957 1118 5032 habens.
1137 4954 1244 5030 Talis
1265 4964 1322 5030 θεῖ
1340 4962 1465 5027 textus

159 5065 202 5138 in
220 5064 399 5166 Liturgia
419 5065 525 5163 apud
543 5067 744 5142 Nersatem
763 5067 1103 5168 Lampronensem,
1128 5076 1166 5140 et
1183 5065 1283 5139 inter
1303 5061 1467 5138 Codices

158 5172 197 5249 S.
228 5174 364 5250 Lazari
393 5174 564 5250 Venetiis
594 5173 727 5252 Codex
756 5201 843 5250 cum
873 5175 1157 5252 characteribus
1177 5172 1399 5249 uncialibus
1418 5170 1467 5245 ab
