3854 6084
581 690 675 765 Cast
660 700 741 765 tera
769 717 860 764 vero
880 700 1081 783 momenta,
1111 715 1208 788 quae
1227 715 1249 762 a
1269 688 1315 764 cl.
1336 689 1428 764 Edit
1413 701 1494 764 tore
1514 692 1778 790 proferuntur,

471 801 585 874 nobis
631 800 722 874 satis
766 825 959 916 superque
995 798 1100 872 illam
1129 797 1217 872 fidei
1245 798 1524 898 professionem
1553 826 1632 874 non
1660 799 1778 895 modo

472 905 674 994 Athanasii
720 908 769 982 ad
822 903 961 982 aevum
1011 906 1162 981 referri
1191 906 1373 1008 suadent,
1423 907 1470 982 de
1509 934 1586 1006 quo
1625 890 1779 983 nullum

471 1028 604 1113 posset
633 1043 717 1091 esse
747 1013 919 1109 dubium,
961 1042 1095 1090 verum
1134 1017 1246 1090 etiam
1276 1041 1374 1115 opus
1411 1042 1495 1090 esse
1523 1018 1646 1115 ipsius
1687 1017 1778 1091 Divi

471 1126 682 1206 Athanasii
728 1125 905 1224 Namque
951 1125 1025 1204 hoo
1067 1124 1297 1227 Symbolum
1334 1137 1401 1199 aut
1445 1125 1535 1200 fidei
1588 1126 1778 1224 professio

470 1248 528 1308 est
555 1262 703 1358 revera
727 1235 784 1309 uti
803 1261 848 1307 ex
869 1233 1077 1334 epigraphe
1096 1233 1213 1308 habet
1200 1245 1270 1325 tur,
1300 1236 1557 1348 expositio
1588 1235 1775 1336 Symboli

469 1359 506 1418 et
533 1357 665 1444 posset
687 1343 775 1444 jure
799 1343 966 1442 judicari
995 1343 1242 1417 summarium
1279 1354 1347 1416 aut
1376 1367 1516 1419 succus
1546 1344 1665 1441 script
1667 1361 1777 1418 οιιιιιι

468 1452 585 1527 huius
613 1453 743 1552 magni
772 1453 853 1540 viri,
886 1477 1039 1550 praescr
1043 1452 1107 1524 tim
1137 1455 1221 1526 eius
1251 1462 1416 1549 quatuor
1445 1451 1697 1552 epistolarum
1725 1453 1777 1526 ad

470 1559 719 1662 Serapionem
748 1561 813 1636 dat
799 1573 924 1636 tarum
952 1587 998 1634 ex
1028 1560 1153 1634 desert
1139 1570 1177 1632 to
1206 1561 1246 1633 in
1276 1587 1352 1658 quo
1381 1575 1475 1634 tunc
1505 1562 1670 1658 degebat
1699 1561 1775 1662 (an.

470 1670 564 1772 358)
594 1682 728 1756 contra
755 1670 955 1769 Tropicos‚
984 1669 1111 1744 idt
1055 1680 1120 1762 est
1147 1667 1235 1742 illos
1266 1671 1330 1766 qui
1359 1696 1489 1743 veram
1518 1670 1608 1742 Filii
1638 1671 1775 1744 divini·

468 1789 585 1854 tatem
614 1781 748 1854 admit
718 1791 865 1872 ttentea
894 1778 1058 1878 Spiritus
1083 1726 1212 1852 Sancti
1242 1778 1418 1852 divinitis
1363 1789 1479 1852 ttaem
1507 1779 1575 1851 infi
1577 1779 1727 1854 tiabant
1712 1791 1776 1852 tur

469 1899 507 1960 et
534 1887 624 1962 Filii
653 1901 755 1963 creat
757 1874 865 1962 urain
894 1913 977 1962 esse
1007 1887 1299 1979 asserebant,e
1302 1887 1433 1962 tdein
1464 1888 1629 1961 duorum
1657 1887 1775 1962 libro-

467 2023 554 2071 rum
582 2009 717 2072 eontra
743 1995 1097 2095 Apollinaristas,
1087 2022 1128 2068 m
1157 1996 1299 2092 quibus
1329 2023 1394 2070 eos
1424 1998 1537 2096 etiam
1558 2009 1772 2095 oppugnat,

470 2108 537 2202 qui
570 2106 802 2195 „Dominum
830 2131 899 2203 per
926 2105 1128 2196 fictionem,
1170 2130 1251 2176 non
1280 2116 1462 2179 natura
1490 2116 1662 2202 gestasse
1691 2132 1775 2180 cor-

467 2227 564 2313 Ριιιιιι
600 2216 809 2308 docebant3
839 2213 992 2288 demum
1019 2212 1218 2311 Epistolae
1247 2212 1297 2286 ad
1324 2212 1570 2312 Adelphium.

479 2381 481 2386 ’
577 2377 740 2455 Constat
767 2380 924 2478 insuper
952 2379 993 2451 in
1021 2378 1194 2452 moribus
1224 2403 1307 2451 esse
1336 2378 1425 2452 Divi
1452 2377 1655 2451 Athanasii
1684 2403 1774 2452 con·

464 2499 590 2563 texere
619 2489 763 2586 passim
791 2512 862 2561 sua
888 2488 1010 2562 verba
1037 2488 1157 2560 textui
1186 2485 1362 2588 Symboli
1390 2487 1558 2561 Nicaeni.
1607 2485 1773 2562 Codices

466 2597 669 2670 armeniaci
712 2594 818 2670 aliud
839 2607 841 2615 '
859 2622 1005 2670 novum
1046 2595 1124 2668 fere
1167 2595 1282 2669 huius
1325 2597 1476 2694 generis
1521 2609 1775 2670 servaverunt

464 2716 767 2780 monumentum.
798 2703 887 2779 Jam
916 2730 1034 2802 supra
1054 2704 1300 2778 observatum
1321 2714 1389 2795 est,
1417 2705 1626 2779 mediam
1655 2704 1774 2777 trium

464 2815 715 2888 formularum
735 2814 985 2913 professionis
1004 2812 1102 2905 fidei,
1131 2824 1307 2888 nostrum
1325 2811 1505 2888 videlicet
1526 2813 1771 2916 Symbolum,

464 2924 570 3020 quod
599 2949 698 3022 opus
725 2923 926 2996 Athanasii
954 2947 1038 2996 esse
1067 2920 1312 3014 affirmamus,
1350 2921 1542 2996 nihildum
1572 2923 1771 2996 continere

462 3031 649 3106 adversus
692 3057 857 3106 errorem
900 3031 1063 3104 duarum
1091 3033 1133 3103 in
1162 3030 1317 3107 Ohristo
1346 3057 1606 3130 personarum.
1655 3029 1771 3106 Certe

460 3139 535 3215 hoc
564 3152 841 3240 argumentum,
889 3141 1090 3214 occasione
1129 3141 1250 3232 serius
1281 3140 1419 3230 oblata,
1465 3165 1649 3236 magnum
1676 3138 1771 3212 Ale-

386 3316 392 3326 ,
459 3249 690 3324 xandrinum
716 3248 1062 3348 Archiepiscopum
1090 3249 1288 3346 permovit,
1315 3262 1358 3324 ut
1392 3249 1596 3349 separatim
1634 3258 1772 3322 contra

462 3357 572 3433 illum
601 3385 766 3433 errorem
795 3359 964 3455 aliquam
993 3358 1200 3432 conficeret·
1230 3357 1319 3432 fidei
1347 3358 1625 3458 professionem
1655 3356 1769 3458 Sym·

460 3467 542 3540 boli
571 3468 713 3542 formae
743 3467 970 3567 adaptatam,
1010 3493 1108 3564 quae
1138 3478 1196 3540 est
1217 3493 1401 3569 sequens,
1430 3492 1518 3541 cum
1544 3466 1772 3557 huiusmodi

462 3576 673 3676 epigraphe
700 3577 839 3676 procul
867 3577 986 3650 dubio
1015 3576 1157 3674 pariter
1186 3603 1208 3650 a
1235 3603 1374 3674 graeco
1405 3576 1610 3651 derivante.

541 3901 655 3956 Versio
676 3918 716 3956 ex
735 3918 849 3972 graeco
869 3918 998 3958 armena
1282 3897 1395 3953 Versio
1421 3914 1462 3952 ex
1481 3914 1617 3954 armeno.

457 3996 563 4060 (certe
590 4011 649 4046 nec
674 4001 750 4046 ante
780 4010 863 4048 saec.
884 3995 946 4046 VII.
975 4007 1082 4057 neque

613 4088 691 4151 post
711 4087 789 4140 VIII.
809 4086 923 4151 facta.)

555 4175 928 4235 bpurtbzanydiiliuramufi
945 4171 1082 4234 bustula·
1210 4171 1306 4222 Beati
1343 4172 1531 4224 Athanasii
1561 4173 1770 4238 Archiepis-

456 4265 664 4328 moummtmfict
696 4265 936 4326 hispontanam
970 4265 1082 4324 Urimur·
1137 4259 1702 4328 piscopihlexandriaeexpositio
1725 4262 1768 4315 de

455 4356 822 4418 ywymnaffliadyrunmau
835 4356 1082 4417 mamnasudtuylrti
1137 4351 1253 4403 divina
1280 4353 1527 4406 incarnatione
1555 4355 1666 4418 Verbi,
1695 4369 1769 4405 cum

456 4437 797 4508 rfmprldauaapnattlzmct
820 4448 934 4508 ,amata
960 4447 1081 4508 ‹turpem-
1137 4440 1262 4495 Sancto
1300 4443 1455 4497 Concilio
1495 4445 1644 4497 Nicasno
1691 4459 1770 4496 eon-

493 4535 600 4598 lmlrzrul
614 4549 709 4598 uppem
727 4538 880 4600 donnanae
895 4541 914 4598 Ῑι
929 4540 1050 4602 virilitur:
1136 4548 1227 4586 sona.

566 4673 790 4736 ivnummlwtfirsp
808 4677 921 4736 tslfl'iffl‘
940 4677 1081 4738 ilumeris]
1214 4679 1374 4732 (lonfltemur
1393 4681 1491 4732 Filium
1511 4683 1560 4733 Dei
1579 4686 1641 4734 ants
1655 4685 1768 4737 saecula

450 4743 529 4801 burlo
544 4747 612 4805 pust
635 4747 841 4805 qurlrmtmim
858 4749 1079 4810 ιΙὶιιιιξιὴιιαιιιιιρ
1137 4746 1302 4816 sempiterne
1321 4755 1441 4818 genitum
1462 4770 1495 4806 ex
1513 4755 1601 4818 Patre,
1624 4755 1654 4808 ιιι
1673 4757 1769 4808 novis-

454 4816 581 4877 t‘rtmrlr
600 4818 681 4876 ἑοῃξ,
697 4819 752 4878 [rut
769 4833 814 4868 mn
830 4821 979 4884 iltflgtmlp
990 4824 1079 4883 smili-
1135 4825 1212 4876 simis
1231 4841 1296 4877 vero
1315 4828 1429 4880 saeculis
1449 4835 1560 4893 propter
1583 4831 1702 4881 nostram
1722 4845 1769 4882 sa-

454 4889 587 4951 mttlnpu
604 4890 684 4948 timot
694 4890 775 4952 albem
787 4892 997 4954 metallicam]
1012 4895 1079 4942 U’m-
1135 4899 1219 4948 lutem
1239 4913 1272 4949 ex
1290 4901 1375 4952 Maria
1387 4906 1479 4952 natum
1492 4901 1636 4954 secundum
1647 4917 1767 4966 earnem,

454 4961 577 5021 filimirus]
593 4961 686 5020 citum
696 4977 759 5022 aum
777 4963 901 5025 aluredum
911 4967 1010 5023 nausia
1022 4981 1080 5015 mu·
1135 4971 1166 5021 ιιι
1184 4971 1294 5022 divinus
1308 4973 1387 5024 docet
1401 4973 1545 5037 Apostolus
1559 4975 1664 5028 dicens.
1680 4942 1768 5046 „Ocni

455 5035 647 5092 marmenem
672 5034 832 5096 Unmpdmr‘r
853 5040 1013 5098 ntuntswltt
1041 5053 1080 5086 w·
1136 5047 1226 5094 autem
1252 5045 1328 5096 venit
1355 5046 1494 5110 plenitudo
1522 5049 1659 5114 temporis
1688 5050 1768 5102 misit

455 5103 552 5162 ιιιηιί.
570 5106 640 5163 “tut
649 5106 778 5168 Jundmrl'
790 5108 843 5164 utu
859 5111 954 5168 martit
972 5112 1078 5159 dwrsm·
1135 5116 1207 5168 Deus
1227 5117 1325 5167 Filium
1345 5133 1422 5169 suum
1441 5119 1540 5172 factum
1564 5135 1597 5170 ex
1616 5119 1768 5190 muliere“;

452 5174 548 5236 Wil',
580 5191 713 5242 wemalet
750 5180 905 5243 wuillelmo
939 5183 1080 5232 somnias
1136 5190 1251 5240 eundem
1272 5205 1331 5242 esse
1351 5192 1435 5243 Deum
1455 5199 1482 5244 st
1494 5192 1594 5244 Filium
1607 5194 1657 5246 Der
1670 5210 1767 5250 seeun-
