1088 1669
768 210 789 226 33

450 256 477 283 5.

141 302 182 322 Nostri
191 301 253 325 symboli
263 301 316 321 auctor.
326 301 373 321 Altera
383 301 396 321 S.
398 301 474 348 ffifflnsll}
481 301 520 348 {iffi
528 301 597 325 expositio
606 306 642 321 nunc
652 301 713 326 primum
723 306 742 328 01,
747 301 789 322 codd.

190 364 219 382 Ex
233 364 343 388 praemissis
358 364 480 382 manifestum
495 367 524 382 est
538 367 625 382 nostrum
639 364 755 389 Symbolum
768 364 788 382 in

141 398 159 410 se
172 391 212 415 ipso
228 391 326 410 continere
339 391 384 416 plus
396 391 460 409 minus
475 391 610 409 iudicationem
629 392 725 416 temporis,
749 398 788 416 quo

140 418 245 437 confectum
255 425 296 436 esse
306 421 378 443 potest;
388 425 440 437 nuno
450 421 515 437 autem
522 418 591 443 aliquis
602 425 694 443 quaerere
701 419 789 443 potuerit,

140 446 224 470 quisnam
239 446 264 464 sit
277 446 318 464 eius
333 445 414 464 auctor?

190 473 262 491 Textus
277 479 362 497 graecus.
385 473 418 497 qui
432 473 493 497 prima
508 473 549 491 vioe
565 474 589 491 20
605 473 644 491 fere
659 473 682 491 ah
698 473 754 491 annis
769 473 789 491 in

139 500 198 518 lucem
220 500 282 518 editus
304 503 333 518 est
350 500 399 518 inter
414 499 431 518 S.
445 500 546 518 Athanasii
561 506 619 524 opera
633 500 653 518 in
667 500 787 518 Londinensi

139 527 219 546 editione
241 527 302 552 (Tom.
316 527 330 545 I.
345 527 402 545 Parte
418 528 434 545 2.
449 533 493 552 pag.
510 528 570 550 1274)
589 534 611 546 ex
631 527 707 545 duobus
723 527 789 549 Codri„

140 554 179 573 vat.
195 555 252 577 1431,
267 557 286 573 et
300 554 346 579 Reg.
357 555 415 577 2502,
430 555 503 579 quique
517 555 586 572 iterum
601 554 712 579 publicatus
727 557 756 573 est
766 555 790 573 ab

139 581 269 600 Illustrissimo
283 582 348 606 Migne
369 582 389 600 in
405 581 469 600 Cursu
483 581 605 606 Patrologiae
621 581 707 600 Graecae
729 582 789 608 (Tom.

139 609 160 627 II.
175 609 225 633 Opp.
240 608 257 627 S.
272 608 342 627 Athen.
356 608 390 627 eol.
408 609 472 634 1230),
486 609 545 627 habet
559 616 595 633 pro
610 609 715 633 epigraphe
725 609 791 627 ambo-

139 637 174 654 bus
195 636 215 654 in
233 635 349 655 Oodinibus:
375 636 487 658 „Athanasii
501 636 647 661 Arehiepiseopi
662 636 790 654 Alexandriae

139 663 231 681 enarratio
246 663 266 681 in
282 663 412 688 Symbolum*

191 690 265 709 Doctus
287 694 306 709 et
327 691 456 709 benemeritus
482 690 637 715 Patrologiarum
660 690 721 709 editor
742 690 791 709 tueri

139 717 201 736 studet
221 717 279 736 fidem
301 717 358 736 huius
379 718 493 742 epigraphes
515 718 641 742 sequentibus
664 718 791 742 argumentis:

141 746 156 762 1.
171 745 216 769 quia
231 745 278 763 haec
293 744 337 763 fidei
352 745 446 769 professio
462 745 592 763 conformatur
607 745 662 763 alteri
676 745 792 769 professioni

139 772 162 790 ab
169 772 276 790 Athanasio
286 772 392 790 Joviniano
402 772 515 797 Imperatori
526 772 617 796 scriptaeq
633 773 650 790 2.
660 772 717 790 Abbe
727 772 791 796 Migne

138 799 191 818 Tom.
206 799 240 817 IV.
256 799 305 823 Opp.
315 799 385 817 Athan.
401 799 436 818 col.
448 801 502 822 1638,
517 799 573 817 aliam
588 799 643 818 affert
652 799 792 824 professionem

139 826 244 845 Athanasio
259 826 381 851 adscriptam,
404 833 462 851 quam
477 827 494 845 ei
509 826 627 845 conformem
641 829 701 851 putat.
715 826 739 845 de
754 833 792 850 qua

139 860 190 872 nuno
214 854 286 878 agitur;
311 855 327 872 3.
349 854 402 878 quod
423 860 501 876 errores,
525 854 558 878 qui
579 854 599 872 in
621 854 658 872 ista
672 853 792 878 professione

139 884 282 905 oppugnantur,
296 881 393 905 pertinent
408 881 464 900 unice
479 881 503 899 ad
518 881 563 899 Divi
573 881 673 899 Athanasii
688 880 791 905 epocham;

140 909 156 926 4.
172 908 226 926 Usus
242 914 318 932 quoque
328 909 390 926 voeis:
405 908 556 934 hypostasis
571 909 591 926 in
602 915 660 926 seusu
675 908 792 926 substan-

138 936 188 953 tiae
203 938 236 953 aut
250 938 356 954 naturae
372 935 429 954 debet
443 942 479 954 nos
494 942 575 958 movere,
593 939 614 954 ut
629 942 670 954 eam
685 935 791 953 Athanasio

139 962 275 986 adscribamus,
290 963 335 987 quia
348 963 369 980 in
384 963 488 981 subiunnto
503 963 661 981 anathematismo
677 962 793 981 damnantur

139 990 172 1014 qui
186 990 259 1008 Filium
273 993 306 1008 aut
321 990 412 1014 Spiritum
427 990 519 1009 Sanctum
540 990 618 1008 alterius
634 997 645 1008 a
659 990 716 1008 Patre
731 990 792 1015 hypo-

139 1021 213 1035 staseos
229 1023 271 1035 esse
286 1020 378 1040 asserunt,
396 1018 429 1041 qui
443 1017 535 1042 loquendi
549 1017 618 1035 modus
634 1020 678 1041 post
691 1017 792 1035 Athanasii

139 1051 207 1063 aevum
213 1044 291 1062 minime
300 1045 440 1069 usurpabatur-3
452 1046 469 1063 5.
477 1045 507 1063 Ea
517 1044 611 1069 professio
624 1044 661 1062 hoe
670 1050 741 1068 magno
751 1044 792 1062 viro

139 1078 178 1089 non
190 1074 218 1090 est
228 1071 316 1096 indigum
327 1071 409 1096 denique
419 1072 439 1090 in
449 1075 531 1096 utroque
543 1071 614 1090 Codice
625 1072 643 1090 ei
652 1071 689 1096 ipsi
699 1071 793 1090 tribuitur.

192 1099 290 1117 Momenta
304 1099 372 1124 primo,
395 1099 481 1118 seeundo
496 1102 604 1123 quartoque
618 1098 662 1117 loeo
677 1099 740 1123 posita
754 1105 793 1116 non

138 1126 228 1144 videntur
251 1126 308 1144 nobis
330 1133 372 1145 esse
393 1127 439 1145 satis
459 1126 524 1145 solida.
548 1126 571 1144 In
586 1126 620 1144 illa
634 1126 754 1151 professione
769 1125 793 1143 ad

137 1153 264 1172 Jovinianum
278 1153 355 1176 directa,
370 1156 389 1172 et
402 1154 423 1172 in
438 1153 533 1179 symbolo,
549 1153 602 1178 quod
617 1156 678 1172 exstat
692 1153 712 1171 in
727 1159 793 1177 supra-

138 1181 189 1199 dicto
204 1180 237 1199 IV.
252 1183 303 1199 tomo
319 1180 404 1205 Operum
418 1181 519 1200 Athanasii
533 1187 558 1199 ne
573 1187 612 1199 una
627 1180 705 1204 quidem
717 1180 793 1198 videtur

138 1214 203 1226 earum
224 1208 345 1226 locutionum
366 1211 399 1226 aut
420 1209 549 1231 terminorum,
573 1208 606 1232 qui
621 1207 694 1232 proprii
709 1210 754 1226 sunt
776 1210 794 1225 et

137 1238 204 1253 nostro
219 1235 313 1260 Symbolo
329 1236 406 1254 omnino
420 1235 532 1260 peculiares.
555 1235 615 1253 Porro
630 1241 694 1259 neque
716 1241 739 1253 ex
757 1240 794 1252 na-u

137 1262 191 1281 vocis
207 1262 380 1287 hypostaseos
394 1269 437 1281 oum
451 1264 498 1280 οὐσία
513 1263 628 1281 coniunctae
643 1264 707 1286 potest
721 1261 794 1285 aliquid

138 1289 233 1313 coneiudi,
243 1291 334 1314 quoniam
342 1290 386 1309 illae
395 1296 451 1308 voces
460 1290 517 1308 simul
525 1296 568 1308 eum
576 1296 605 1307 an
611 1289 653 1307 ath
659 1295 692 1307 em
698 1289 747 1307 atis
753 1295 772 1307 m
778 1295 794 1311 ο,

137 1317 158 1335 iu
168 1324 207 1341 quo
218 1320 341 1342 usurpantur,
355 1317 417 1342 ipsius
428 1317 516 1343 Symboli
523 1317 603 1336 Nicaeni
613 1319 686 1341 partem
700 1315 795 1339 efficiunt;

138 1348 225 1363 nostrum
241 1345 291 1363 enim
306 1345 326 1363 in
341 1345 377 1363 hae
387 1348 445 1369 parte,
459 1348 534 1370 praeter
547 1344 630 1370 Spiritus
641 1343 705 1362 Sancti
720 1349 794 1365 nomeny

138 1371 186 1390 nihil
201 1372 218 1390 ei
233 1372 290 1391 addit.

758 1403 765 1415 ³
