3854 6084
1395 624 1540 690 dli

134 802 469 904 stantinopolitaui
512 802 689 908 Symboli
731 806 849 880 fuisse
893 804 930 880 S.'
958 805 1189 906 Gregorium
1218 806 1440 908 Nysscnum
1500 879 1503 892 ,

135 913 316 1014 (Niceph.
349 911 499 989 Callixt.
528 913 626 988 Hist.
657 913 747 989 eccl.
776 913 859 989 libr.
879 913 964 988 XII.
994 914 1171 1016 oap.13.)
1201 915 1321 1014 autb.
1343 913 1460 992 Gra·

132 1023 287 1122 gorium
305 1021 592 1099 Nazianzenum
612 1021 735 1126 (juxta
754 1021 925 1098 Marcum
945 1022 1187 1124 Eugenioum
1213 1020 1438 1125 episcopum

132 1133 391 1232 Ephesinum)
436 1141 472 1207 et
515 1133 628 1210 etiam
668 1133 768 1209 inter
797 1130 930 1208 doctos
959 1135 1191 1234 vix-aliquis
1221 1133 1437 1235 suspicetur

132 1268 216 1316 non
244 1269 312 1342 per
340 1243 467 1342 ipsum
497 1239 714 1318 Concilium
741 1243 815 1318 hoo
844 1244 1066 1348 symbolum
1095 1245 1313 1322 confectum
1356 1271 1438 1321 esse

135 1397 189 1409 -
217 1365 307 1426 nam
336 1362 372 1426 et
399 1353 447 1443 in¹
469 1352 687 1428 novissimis
708 1353 818 1428 annis
839 1379 892 1427 ex.
912 1379 965 1452 gr.
985 1347 1198 1454 Dblliuger,
1229 1353 1437 1454 Koessing,
1546 1379 1549 1384 ’

134 1461 300 1539 Sohredl
343 1471 410 1536 etc.
453 1461 634 1538 exhibent
677 1463 788 1537 sicuti
829 1489 910 1540 rem
946 1462 1050 1562 apud
1080 1491 1211 1540 omnes
1240 1463 1439 1554 indubiam

133 1572 271 1647 Patres
302 1568 466 1647 Concilii
495 1569 914 1676 Constantinopolitani
941 1573 1039 1648 illud
1070 1574 1344 1673 composuisse,
1386 1619 1437 1630 --
1458 1583 1467 1604 ·’

133 1692 303 1758 attamen
345 1707 425 1756 non
467 1679 642 1758 dubitare
671 1681 838 1784 amplius
865 1683 1092 1782 permissum
1121 1695 1222 1760 esset
1249 1681 1323 1768 hoo
1351 1696 1451 1783 antes

132 1790 233 1866 illud
250 1789 467 1866 Concilium
496 1792 673 1868 extitisse.
687 1792 712 1894 ¹)
745 1791 858 1886 Illud,
892 1792 997 1892 quod
1025 1783 1138 1872 hodie
1169 1791 1442 1870 Constantino.

133 1900 351 2002 politanum
378 1911 627 2000 nuncupatur
669 1913 707 1976 et
735 1902 807 1978 sub
837 1900 910 1976 hoc
939 1903 1093 1978 nomine
1113 1899 1348 2004 'adoptatum
1384 1916 1441 1979 est

134 2011 251 2086 etiam
292 2010 332 2083 in
363 2006 571 2086 Occidente
603 2022 691 2112 post
720 2009 1021 2110 publicationem
1050 2010 1204 2090 Codicis
1248 2039 1452 2095 canonum,

133 2120 319 2223 Dionysii
338 2119 490 2218 Exigui,
511 2120 723 2220 antiquitus
743 2131 826 2195 tum
845 2131 932 2197 ante
953 2133 1149 2222 cumpost
1169 2121 1439 2199 Constantino·

132 2229 354 2330 politanum
393 2227 611 2304 Concilium
649 2231 804 2306 nonnisi
848 2230 1061 2316 Nicaenum
1088 2232 1314 2307 ‘vocabatur
1353 2233 1438 2328 ,sub
1467 2319 1470 2324 ,

134 2341 212 2420 hoc
239 2339 395 2432 nomine
424 2338 546 2415 Divus
575 2339 818 2440 Epiphanius
848 2339 947 2414 illud
974 2342 1084 2424 affert
1105 2341 1189 2440 jam
1215 2349 1319 2420 anno
1351 2345 1439 2436 374,

138 2450 314 2548 quamvis
342 2448 580 2549 praedictum
611 2447 828 2526 Concilium
857 2463 1002 2549 septem
1027 2453 1137 2526 annis
1158 2453 1440 2550 posthabitum

135 2559 187 2634 sit
215 2558 369 2663 (Epiph.
399 2557 535 2633 Ancon
567 2583 646 2657 cap.
679 2563 788 2659 121.).
835 2559 927 2634 Ideo
955 2561 1172 2636 mirandum
1201 2573 1374 2656 nonest
1409 2564 1440 2636 si

134 2667 172 2747 S.
203 2666 415 2768 Gregorius
444 2667 724 2764 Nazianzenus,
761 2669 827 2768 qui
855 2665 1098 2769 praesidebat
1116 2671 1173 2744 illi
1193 2671 1365 2764 concilio,
1395 2699 1439 2746 eo

136 2776 327 2870 absoluto,
378 2803 465 2852 cum
508 2778 691 2853 scriberet
733 2779 782 2853 ad
812 2776 1043 2856 Cledonium
1081 2780 1222 2880 [Epist.
1254 2783 1349 2880 102)
1393 2781 1440 2855 de

135 2885 273 2988 regula
299 2887 397 2981 fidei,
426 2899 506 2962 non
535 2887 640 2964 aliud
668 2884 732 2963 dat
752 2885 1107 2992 nomenSymbolo‚
1136 2890 1439 2990 quamiNioaeni.

246 3033 293 3108 ln
322 3034 446 3134 spatio
476 3039 578 3131 ergo,
595 3035 776 3133 temporis
807 3034 953 3109 dimidii
982 3033 1124 3122 saeculi
1143 3034 1248 3140 3(scil.
1269 3035 1317 3110 ab
1339 3059 1439 3108 anno

139 3141 380 3245 aaa-374),
419 3141 508 3218 dum
539 3170 584 3218 ex
612 3169 690 3219 una
720 3155 827 3245 parte
855 3143 989 3220 Ariani
1014 3154 1055 3233 et
1083 3141 1305 3223 semiariani
1333 3141 1441 3219 luxu-

135 3258 284 3337 riantur
312 3254 353 3330 in
374 3251 633 3330 Conficiendis
660 3253 869 3358 Symbolis,
899 3281 943 3332 ex
971 3253 1090 3332 altera
1119 3265 1226 3354 parte
1251 3252 1440 3333 Catholici

136 3362 423 3463 amplificabant
451 3362 675 3438 Nicaenum.
705 3363 762 3438 Ea
787 3389 975 3458 mensura,
1005 3391 1083 3464 qua
1101 3364 1269 3454 haeresis
1289 3362 1441 3438 evolve.
1517 3409 1520 3416 .

135 3475 263 3569 batur,
312 3473 481 3548 educens
523 3471 602 3548 fere
645 3497 776 3550 omnes
819 3501 991 3549 errorum
1038 3473 1178 3574 phases
1213 3475 1440 3574 praecipuas

136 3586 240 3660 circa
267 3581 464 3659 Trinitatis
494 3593 532 3657 et
559 3582 839 3676 Incarnationis
869 3583 1090 3676 doctrinam,
1137 3583 1293 3659 orientis
1322 3582 1440 3688 eccle7

138 3696 216 3770 siae
246 3692 431 3770 adversus
460 3690 548 3767 illos
578 3719 723 3768 errores
760 3718 830 3768 sua
859 3687 1039 3796 symbola
1063 3693 1227 3794 adaucta
1252 3718 1440 3793 opposue-
1496 3771 1500 3778 ,

135 3813 236 3889 runt
263 3803 477 3902 Postquam
505 3803 646 3878 reiecta
684 3814 741 3878 est
769 3804 808 3877 in
829 3801 1003 3879 Concilio
1023 3803 1193 3878 Nicaeno
1213 3803 1442 3902 blasphema

136 3912 312 3989 doctrina
330 3905 465 3987 contra
484 3909 720 3988 divinitatem
745 3913 854 3988 verbi
877 3913 1032 4011 aeterni,
1064 3913 1249 4012 sibiipsis
1274 3912 1440 3988 invicem

137 4032 417 4114 successerunt,
445 4021 566 4097 multo
596 4033 684 4097 ante
717 4049 862 4098 annum
899 4029 985 4118 381,
1036 4023 1106 4098 tria'
1149 4048 1320 4110 errorum
1368 4032 1439 4096 sta-

136 4133 209 4228 dia,
237 4139 306 4209 1¹¹¹11
320 4144 455 4209 contra
469 4130 708 4208 divinitatem
723 4133 888 4233 Spiritus
902 4132 1041 4226 Sancti,
1061 4132 1129 4232 qui
1146 4133 1447 4232 praedicabatur·

135 4254 329 4340 creatura;
378 4247 447 4318 ΞΜ
487 4253 621 4316 eontra
662 4243 920 4343 integritatem
959 4243 1151 4320 humanae
1194 4253 1374 4318 naturae
1399 4241 1441 4316 in

136 4352 304 4449 Christo,
334 4379 454 4452 quum
482 4350 745 4450 Apollinarius
775 4353 1011 4429 recusaverit
1040 4353 1074 4428 ei
1102 4364 1267 4432 mentem
1296 4363 1334 4426 et
1362 4353 1439 4426 ani·

135 4489 238 4538 marn
265 4460 509 4553 rationalem3
541 4460 633 4536 3uum
664 4464 819 4537 omnino
848 4462 1092 4562 praecedenti
1121 4463 1342 4561 oppositum
1361 4488 1440 4536 non
1498 4483 1500 4488 ·

135 4573 263 4648 solum
292 4573 325 4649 ei
352 4573 550 4648 tribuebat
578 4571 744 4647 animam
766 4572 975 4647 humanam
993 4571 1220 4646 rationalem
1240 4570 1306 4647 sed
1327 4571 1441 4646 etiam

135 4709 342 4783 personam
384 4681 646 4757 humanam
690 4708 776 4757 eum
810 4682 850 4755 in
880 4682 976 4757 duas
1007 4681 1213 4756 dividendo
1242 4706 1439 4781 personas.

131 4793 313 4870 Praecise
351 4791 452 4867 enim
484 4789 560 4870 illis
592 4791 716 4868 tribus
750 4792 936 4892 phasibus
969 4791 1065 4866 haec
1097 4793 1169 4865 tria
1205 4789 1441 4892 respondent

131 4902 340 5006 Symbola:

206 5122 232 5192 ί)
244 5121 273 5174 si
286 5123 333 5174 Dr.
343 5119 437 5174 Hefsle
447 5118 532 5184 (Hist.
543 5119 622 5173 Cone.
634 5121 709 5173 'lom
720 5121 759 5172 11.
816 5136 883 5187 quse
901 5120 964 5172 sunt
982 5117 1054 5186 apud
1072 5119 1264 5186 Epiphaniam,
1283 5134 1363 5174 uuum
1383 5134 1442 5172 cum
1481 5177 1483 5183 A

130 5211 197 5264 pag.
230 5195 277 5264 10)
321 5197 408 5248 adhuc
446 5194 479 5244 de
521 5193 641 5262 Symboli
683 5210 759 5260 prae·
815 5197 900 5246 altero
938 5193 1084 5257 confundit,
1126 5195 1185 5246 soil.
1216 5195 1363 5254 secundum
1393 5207 1441 5260 pro

131 5266 279 5322 existentis
297 5271 410 5322 dubium
437 5269 515 5318 affert
535 5269 587 5319 hoc
602 5268 664 5334 jure
683 5269 758 5329 lacit,
815 5271 901 5334 primo
921 5268 996 5332 legit,
1015 5268 1107 5334 itaque
1127 5267 1159 5320 de
1178 5283 1207 5320 re
1223 5269 1338 5336 judicat.

131 5345 198 5409 quia
224 5355 314 5396 errore
332 5341 409 5396 visfis
439 5340 549 5393 duorum
568 5341 761 5408 symbolorum,
