1088 1669
790 218 800 234 3

199 250 242 269 Hac
256 250 323 269 eadem
336 250 381 268 fidei
396 249 479 268 formula
493 253 537 269 ante
547 251 638 275 baptismi
648 251 770 269 collationem
780 251 800 269 in

144 277 307 296 tcaechumenatu
321 280 379 302 atque
393 277 414 295 in
428 283 483 296 sacra
497 277 575 302 liturgia
590 278 702 302 quotidiana
714 289 740 292 —-
753 284 799 302 quo-

146 304 192 323 tidie
212 304 263 323 enim
283 304 398 330 Symbolum
419 304 471 329 apud
494 310 530 323 nos
550 305 570 323 in
589 305 649 323 Missa
668 305 758 323 recitatur
779 317 800 319 —

145 331 235 350 catholici
245 332 317 357 passim
329 334 348 350 et
357 331 458 350 acatholici
468 334 559 356 utuntur3
574 332 625 350 hanc
635 332 746 351 catechetiei
755 332 800 351 libri

145 359 244 381 exhibent,
264 358 315 377 hano
332 358 415 383 denique
433 359 454 377 in
470 359 550 383 privatis
567 366 644 384 quoque
662 359 801 378 catholicorum

145 386 217 405 Christi
231 386 317 405 fidelium
332 386 451 404 orationibus
466 386 549 411 quisque
563 390 648 411 usurpat.
672 387 720 405 Inde
734 387 762 410 fit,
780 389 801 405 ut

146 413 170 432 de
191 413 302 432 huiusmodi
323 413 411 439 Symboli
433 413 506 437 origine
528 417 585 438 atque
605 417 683 432 auctore
701 414 799 438 inquisitio

146 447 213 459 omnes
228 443 247 459 et
261 440 349 465 singulos
364 446 425 465 aeque
439 443 506 465 tangat
521 441 634 465 alliciatque.

201 467 302 486 Peculiare
315 471 379 487 tamen
393 470 510 486 momentum
526 468 578 486 haud
592 469 685 487 immerito
701 475 742 487 esse
758 475 801 487 een-

145 501 213 518 serem,
229 495 281 519 quod
296 495 360 519 ipsum
373 494 411 513 hoc
421 495 536 520 Symbolum
550 498 629 520 partem,
645 499 664 514 et
674 496 751 520 quidem
760 502 800 514 non

145 522 252 547 ignobilem
262 522 332 541 efficiat
341 522 436 540 librorum
445 525 555 541 nostrorum
564 522 702 547 liturgicarum,
718 529 801 547 quorum

146 550 209 568 versio
224 549 249 567 ad
258 549 373 568 mandatum.
384 549 402 568 S.
412 549 466 568 Sedis
480 550 501 567 in
516 553 581 568 nostra
596 550 672 575 synodo
683 550 801 568 Provinciali

145 576 290 595 Patriarchatus
300 576 378 595 Ciliciae
393 582 444 595 anno
458 578 509 595 1869
526 580 619 602 suscepta,
634 580 652 595 et
663 584 697 601 per
707 584 801 596 convoca-

144 604 217 622 tionem
236 603 255 623 S.
271 603 353 623 Ooncilii
367 603 456 622 Vaticani
474 604 582 629 interrupta
601 604 642 622 fuit.
671 604 800 627 Quamobrem

145 637 215 656 operae
232 631 315 656 pretinm
331 631 370 650 fere
387 630 491 649 iudicarem
511 631 531 649 in
548 631 647 656 originem,
668 635 765 650 auctorem
782 635 801 650 et

146 661 217 677 statum
236 661 298 677 textus
315 658 356 677 veri
376 658 484 677 accuratius
505 659 606 683 indagare:
625 659 685 677 verbo
702 659 800 677 historiam

145 685 231 704 eiusdem
245 685 304 711 paulo
319 686 440 710 perspicuius
455 685 576 709 perlustrare.

200 713 227 731 Iis
245 719 291 731 sane
307 719 329 731 ex
344 713 414 731 nostris
433 713 528 737 patribus,
545 713 578 737 qui
593 713 660 731 Fidem
676 713 726 732 hanc
744 713 800 737 primi

145 740 166 758 in
175 746 232 758 usum
242 743 360 764 acceperant.
375 742 487 765 promptum
501 744 551 758 esset
566 740 589 758 de
599 740 635 759 hac
644 747 665 758 re
678 747 799 764 responsum,

145 770 166 786 at
179 767 256 786 labente
271 774 310 786 non
325 767 394 792 exiguo
409 770 494 791 tempore
509 774 613 786 vanescere
628 768 686 786 huius
700 768 745 786 fidei
757 774 800 792 pro-

145 794 234 813 fessionis
249 794 329 819 originis
343 794 434 813 memoria
448 794 497 813 inter
511 794 612 813 Armenios
627 795 682 813 facile
697 795 763 819 potuit.

199 822 260 840 Nemo
276 822 384 846 hucusque,
402 821 422 840 in
440 824 534 845 quantum
552 822 608 840 nobis
627 825 708 845 constat,
726 822 800 840 dehac

145 849 223 867 materia
247 849 296 868 serio
320 849 432 874 disputavit,
456 848 491 867 sed
512 849 630 874 hypotheses
651 849 744 873 quaedam
763 849 799 867 etsi

145 876 241 900 gratuitae
261 883 296 901 pro
317 876 373 895 certis
394 876 525 894 consideratae
549 879 568 895 et
588 877 683 895 communi
704 883 800 895 consensu

144 906 233 928 receptae
244 906 293 922 sunt.
308 903 365 926 Quod
375 906 449 922 veteres
459 903 531 926 attinet,
541 904 561 922 hi
571 903 662 927 celeriter,
674 907 695 922 ut
705 904 800 926 videntur,

146 931 201 949 obliti
211 934 257 949 sunt
267 930 384 951 differentiae
397 930 453 953 illius,
469 936 507 954 qua
521 931 558 949 hoc
569 931 683 956 Symbolum
694 938 705 949 a
715 931 799 949 Nicaeno

145 958 232 982 divergit,
247 964 291 976 cum
305 958 421 976 recentiores
437 964 508 981 omnes,
523 959 564 977 sine
574 959 690 982 exceptione,
705 961 799 976 nostrates

145 991 206 1009 aeque
216 992 239 1004 ac
249 985 338 1007 extranei,
347 985 396 1004 illud
404 985 429 1003 ad
438 985 498 1003 instar
508 986 596 1010 producti
607 986 714 1010 specialiter
721 985 799 1003 Armeni

146 1012 275 1036 considerent,
290 1012 377 1037 quamvis
387 1019 410 1031 ex
420 1012 485 1037 aliqua
496 1012 538 1037 jam
549 1013 634 1037 diligenti
646 1013 798 1031 consideratione

145 1046 211 1058 earum
223 1046 293 1063 rerum,
309 1040 380 1064 quibus
392 1040 429 1058 hoc
439 1039 555 1065 Symbolum
566 1040 616 1058 ultra
625 1046 734 1058 mensuram
745 1040 799 1065 Sym-

145 1066 185 1085 boli
199 1067 280 1085 Nicaeni
294 1067 386 1090 abundat,
401 1067 457 1085 facile
471 1067 525 1092 origo
540 1068 581 1085 eius
595 1074 669 1092 graeca,
684 1067 724 1085 eius
738 1074 799 1085 noxus

145 1100 189 1112 cum
197 1094 276 1113 historia
283 1094 434 1119 dogmaticarum
441 1095 614 1113 controversiarum
622 1095 712 1119 antiquae
719 1101 799 1119 graecae

145 1121 245 1140 Ecclesiae
260 1121 311 1140 clara
325 1124 344 1140 et
358 1121 439 1140 indubia
453 1128 545 1146 apparere
561 1122 644 1140 deberet⁴

199 1149 304 1167 Videamus
318 1149 380 1173 primo
395 1149 489 1173 antiquos.

199 1176 255 1195 Hanc
269 1176 324 1195 Fidei
341 1176 442 1195 formulam
460 1176 540 1195 eandem
556 1183 578 1195 ao
591 1177 694 1195 Nicaenan]
711 1183 752 1195 esse
769 1176 798 1195 vel

145 1203 188 1228 ipso
198 1203 231 1222 VI.
241 1207 322 1223 exeunte
335 1210 382 1222 aevo
395 1204 477 1222 maiores
491 1204 552 1222 nostri
566 1206 686 1225 censuerunt¹
702 1204 734 1228 qui
746 1204 799 1222 illam

146 1233 247 1256 propterea
258 1231 316 1249 veluti
327 1231 378 1249 omni
388 1238 410 1249 ex
420 1234 474 1256 parte
484 1231 590 1249 Nieaenuni
600 1231 715 1256 Symbolum
727 1231 799 1255 passim

144 1258 275 1283 proferebant.
289 1258 338 1277 Nam
347 1258 379 1277 vel
389 1259 413 1277 ab
423 1259 466 1283 ipsa
475 1258 580 1277 Abrahami
587 1258 721 1276 Armeniorum
730 1258 799 1277 Catho-

144 1285 177 1303 lici
187 1289 248 1304 aetate
259 1286 284 1310 (c.
292 1292 321 1303 an.
330 1285 384 1310 595)ι
392 1286 430 1304 imo
440 1289 459 1304 et
468 1286 563 1310 superiori
572 1285 666 1309 memoria,
677 1292 720 1303 cum
730 1292 799 1310 nempe

145 1315 189 1331 aute
205 1313 266 1337 ipsius
281 1312 386 1331 Abrahami
404 1312 517 1331 electionem
534 1312 658 1331 Catholicalis
676 1312 730 1331 Sedis
746 1313 798 1331 vices

144 1346 209 1358 sacras
220 1339 326 1359 Verthanes
337 1340 485 1359 Grammaticus-
490 1343 568 1364 gereret,
584 1340 603 1358 in
614 1340 654 1358 eius
664 1340 689 1358 ad
699 1340 799 1358 Iberorum

144 1367 266 1386 Catholicum
281 1367 355 1393 Cyrion
369 1367 456 1392 epistolis
473 1368 577 1392 impropria
592 1367 639 1385 haec
654 1367 799 1385 nomenclatura

736 1394 753 1407 1*
