3854 6084
565 1273 601 1324 Et
610 1273 638 1322 in
650 1270 736 1336 Spirit
757 1285 781 1320 m
792 1269 872 1322 Sanc·

459 1385 464 1392 ,
492 1349 549 1398 tum
576 1346 716 1396 Dominum
738 1285 778 1396 uiet
802 1343 872 1396 vivi·

422 1415 425 1426 ⁴
493 1419 624 1480 ficantem‚
653 1417 699 1482 qui
731 1433 764 1468 ex
792 1417 872 1470 Petne

492 1489 623 1559 procedit,
650 1491 696 1555 qui
715 1505 774 1542 cum
792 1489 872 1542 Patre

494 1571 522 1618 et
540 1565 611 1616 nino
639 1565 719 1615 simul
745 1562 873 1614 adoratur

355 1675 359 1684 ·
494 1643 521 1690 et
560 1636 782 1702 conglorificatur.
828 1635 874 1701 qui

493 1713 597 1764 locutus
610 1713 651 1763 est
660 1725 709 1776 per
718 1709 870 1778 propbetas

565 2368 602 2420 Et
615 2368 644 2418 in
654 2381 734 2420 unam
743 2367 873 2430 sanctam,

400 2485 405 2492 .
494 2439 872 2506 catholicametapostolicam

494 2513 651 2566 Ecclesiam.
712 2513 874 2565 (innitemur

495 2602 576 2640 nuum
606 2587 741 2654 baptisma
771 2589 800 2638 in
829 2601 871 2638 re·

494 2661 649 2714 missionem
691 2664 872 2726 peccatorum,

495 2738 523 2788 et
541 2738 712 2800 expectamus
739 2747 873 2785 resurrec-

494 2809 593 2861 tionem
639 2810 801 2860 mortuorum
848 2807 875 2858 et

495 2882 579 2933 vitam
599 2881 683 2933 iutnri
701 2881 813 2934 saeculi.

567 3172 622 3224 llos
633 3186 696 3225 vero
710 3171 757 3238 qui
771 3169 875 3224 dicunt:

496 3244 548 3296 fuit
566 3243 719 3310 eliquentlo¹
744 3260 803 3296 cum
821 3259 876 3295 non

443 3337 444 3342 ¹
496 3320 574 3380 esset,
604 3325 631 3371 et
651 3321 793 3384 antequam
817 3316 875 3382 gig·

496 3393 613 3452 meretur,
645 3406 698 3443 nou
718 3397 785 3451 erat.
817 3392 875 3442 sive

497 3480 530 3515 ex
548 3464 634 3516 nihilo
654 3466 741 3517 iectus
761 3469 810 3525 est,
829 3465 875 3514 rel

496 3553 528 3589 ex
548 3538 633 3589 altera
652 3538 793 3606 hypostasi
817 3537 876 3588 sive

497 3611 664 3674 substantia;
695 3611 794 3678 quique
825 3611 876 3662 Dei

497 3683 597 3736 Filium
609 3683 733 3737 liuentem
749 3701 780 3735 ao
793 3691 876 3734 muta·

496 3758 577 3810 bilem
615 3773 675 3810 esse
708 3759 876 3819 asseverent,

497 3834 546 3884 hos
560 3846 652 3886 omnes
666 3831 878 3885 anathematizat

499 3905 634 3958 catholica
674 3910 702 3958 et
732 3907 879 3972 apostolico

500 3978 639 4033 ecclesia.¹

1001 1271 1055 1324 Kal
1068 1271 1106 1330 εἰς
1116 1269 1145 1322 τὸ
1154 1271 1267 1336 Πνεῦμα
1279 1268 1308 1320 τὸ

928 1345 1011 1412 ἅγιον,
1040 1343 1142 1410 Κύριον
1166 1341 1213 1395 καὶ
1238 1343 1307 1402 ζωο-

927 1415 1013 1480 ιιοιὸν,
1032 1415 1062 1469 τὸ
1082 1417 1113 1468 ἐκ
1132 1423 1179 1470 τοῦ
1199 1413 1308 1481 Πατρός

928 1489 1152 1556 ἐκπορευόμενον,
1182 1487 1228 1540 τὸν
1260 1485 1308 1540 σὺν

929 1561 1016 1629 Πατρὶ
1044 1562 1091 1616 καὶ
1114 1561 1169 1628 Υἱῷ
1193 1579 1308 1627 συνπρο-

925 1635 1111 1704 -σκυνούμενον
1121 1632 1168 1686 καὶ
1179 1634 1308 1695 συνδοξα-

930 1710 1050 1775 ζόμενον,
1070 1706 1099 1760 τὸ
1117 1705 1236 1774 λαλῆοαν
1265 1704 1308 1760 διὰ

930 1788 983 1835 τῶν
1002 1787 1160 1850 προφητῶν.

1003 2353 1051 2410 Εἰς
1060 2351 1123 2416 μίαν
1133 2347 1208 2414 ἁγίαν
1220 2342 1305 2396 καθο-

933 2424 1010 2493 λικὴν
1020 2423 1066 2476 καὶ
1076 2414 1252 2484 ἀποοιολικὴν
1261 2413 1306 2466 ἔκ-

934 2498 1053 2566 κλησίαν.
1069 2489 1262 2560 Ὁμολογούμεν
1280 2486 1307 2540 ἔν

933 2572 1067 2642 βάπτισμα
1077 2567 1114 2624 εἰς
1121 2565 1216 2632 ἄφεσιν
1223 2560 1307 2626 ἆμαρ-

934 2651 1010 2697 τιῶν·
1033 2639 1228 2708 προσδοκῶμεν
1245 2631 1308 2686 ἀνά-

924 2734 1025 2770 «στοισιν
1042 2716 1147 2778 νεκρῶν
1171 2705 1217 2760 καὶ
1236 2702 1310 2771 ζωὴν

936 2796 981 2841 τοῦ
1024 2784 1162 2854 μέλλοντος
1204 2778 1309 2839 αἰῶνος,

904 2873 905 2878 ’
937 2860 1014 2929 ἁμήν.

1010 3161 1077 3222 Τοὺς
1095 3161 1125 3216 δὲ
1136 3162 1256 3230 λέγοντας
1276 3161 1307 3230 ἦν

936 3255 1007 3300 ποτε,
1026 3237 1068 3289 ὅτε
1081 3235 1131 3289 οὐκ
1145 3235 1178 3304 ἦν
1190 3235 1236 3289 καὶ
1247 3234 1310 3302 πρὶν

936 3309 1095 3377 γεννηθῆναι
1110 3307 1160 3361 οὐκ
1174 3307 1216 3375 ἦν,
1235 3307 1251 3376 ἢ
1271 3308 1309 3361 ὅτι

935 3380 965 3443 ἕξ
983 3381 1034 3434 οὐκ
1053 3382 1137 3435 ὄντων
1156 3379 1269 3448 ἐγένετο,
1292 3379 1308 3448 ἢ

935 3453 965 3516 ἐξ
987 3452 1076 3522 ἑτέρας
1099 3453 1268 3511 ὑποστάσεως
1292 3451 1308 3520 ἢ

936 3525 1039 3589 οὐσίας,
1064 3525 1216 3593 φάσκοντας
1243 3523 1310 3578 εἶναι

936 3597 1046 3664 ῥευσιὸν
1068 3599 1084 3666 ἢ
1104 3596 1248 3650 ἀλλοιωτὸν
1266 3596 1310 3650 τὸν

936 3677 981 3722 τοῦ
1008 3670 1077 3724 Θεοῦ
1105 3670 1179 3735 Υἷὸν,
1205 3669 1310 3728 τούτους

936 3742 1121 3809 ἀναθεματίζει
1140 3742 1157 3809 ἦ
1174 3741 1309 3810 καθολικὴ

937 3814 983 3868 καὶ
1000 3813 1160 3882 ἀποσιολικὴ
1173 3814 1309 3881 ἐκκλησία.

1492 1268 1634 1323 Credimus
1653 1274 1681 1323 et
1700 1273 1732 1322 in
1745 1271 1804 1334 Spi-

1418 1343 1500 1396 ritum
1519 1343 1654 1408 Sanctum,
1678 1360 1736 1395 non
1757 1344 1804 1394 ali-

1419 1431 1497 1468 enum
1525 1418 1641 1470 uPetre
1667 1418 1803 1482 Filioque,

1417 1488 1466 1541 sed
1480 1491 1745 1544 consubstantialem
1757 1491 1804 1541 Pa·

1417 1562 1454 1614 tri
1478 1567 1505 1615 et
1532 1563 1611 1627 Filio,
1640 1564 1803 1628 increatum,

1417 1635 1566 1701 perfectum
1622 1636 1805 1694 Paracletum,

1419 1709 1465 1774 qui
1483 1709 1587 1762 locutus
1607 1712 1650 1761 est
1681 1710 1712 1762 iu
1742 1710 1804 1772 lege

1419 1787 1447 1834 et
1476 1782 1505 1832 in
1542 1783 1682 1850 prophetis
1716 1789 1746 1834 et
1778 1783 1805 1832 in

1419 1854 1576 1920 evangeliis,
1604 1855 1750 1908 descendit
1777 1857 1805 1904 in

1419 1926 1565 1980 Jordenem
1589 1929 1725 1996 apostolis
1756 1926 1807 1993 (νεῖ

1418 2001 1447 2052 in
1458 2003 1599 2070 apostolis,
1613 2001 1653 2071 et)
1667 2002 1806 2054 habitavit
1884 2019 1885 2028 ι

1419 2075 1447 2126 ln
1467 2075 1576 2128 sanetis.
1884 2079 1885 2082 ’

1493 2363 1632 2419 credimus
1662 2365 1692 2417 in
1725 2380 1805 2418 unam

1420 2440 1502 2494 solam
1517 2441 1586 2493 hauc
1599 2439 1767 2493 catholicam
1779 2444 1805 2492 et

1422 2513 1595 2580 apostolicam
1642 2512 1805 2572 Ecclesium,

1421 2581 1546 2640 inunum
1564 2585 1700 2653 baptisma
1713 2585 1805 2652 poeni·

1423 2659 1525 2713 tentiae
1567 2663 1596 2713 et
1635 2659 1805 2732 remissIonis

1423 2738 1601 2800 peccatorum,
1619 2733 1648 2784 iu
1660 2731 1805 2786 resurecti-

1423 2822 1498 2860 onem
1517 2813 1692 2868 mcrtuorum,
1715 2807 1745 2858 in
1764 2805 1804 2856 iu·

1423 2879 1520 2932 dicium
1566 2882 1704 2934 ueternum
1751 2879 1806 2932 eui-

1422 2955 1569 3007 mammet
1597 2967 1749 3019 corporum,
1777 2953 1804 3002 in

1424 3041 1535 3092 regnum
1559 3027 1696 3078 coelorum
1725 3033 1754 3079 et
1778 3025 1805 3075 in

1424 3099 1507 3153 vitam
1520 3102 1663 3152 aeternam.

1498 3175 1624 3226 llosvero
1646 3173 1692 3237 qui
1711 3171 1806 3224 dicum

1425 3245 1497 3312 quod
1507 3246 1559 3299 tuit
1572 3243 1728 3310 aliquando,
1748 3257 1806 3298 cum

1425 3336 1477 3372 uon
1497 3321 1568 3372 esset
1580 3319 1673 3382 Filius,
1693 3321 1743 3372 eut
1755 3317 1806 3368 init

1426 3391 1578 3458 aliquando,
1597 3405 1657 3442 oum
1667 3405 1722 3444 non
1735 3393 1807 3442 esset

1425 3466 1542 3532 Spiritus
1548 3465 1668 3532 Sanctus,
1679 3461 1805 3530 autquod

1426 3555 1459 3591 ex
1471 3554 1524 3592 non
1535 3538 1642 3591 entibus
1655 3537 1803 3600 lautianm,

1425 3613 1470 3666 vel
1488 3629 1521 3666 ex
1548 3612 1634 3664 altera
1661 3609 1805 3682 hypostasi
1883 3639 1884 3656 ι

1425 3689 1472 3738 out
1508 3686 1667 3748 substantia,
1706 3685 1805 3752 quique
1883 3697 1884 3740 l

1426 3759 1633 3812 conversibilem
1655 3763 1703 3810 eut
1720 3759 1807 3812 muta-

1424 3834 1506 3886 bilem
1517 3848 1574 3885 esse
1582 3831 1681 3898 dicunt,
1692 3832 1805 3898 (Filium

1425 3906 1474 3958 Dei
1496 3908 1543 3958 aut
1567 3905 1692 3958 Sanctum
1717 3903 1803 3971 Spiri-

1424 3981 1492 4045 tum)
1520 3980 1569 4032 hos
1595 3977 1804 4032 anathematizet

1425 4053 1560 4106 catholico
1569 4056 1657 4109 mater
1673 4055 1767 4110 uestra
1779 4051 1805 4102 et

1425 4127 1576 4193 apostolica
1592 4125 1720 4179 ecclesis.

1497 4199 1534 4253 nt
1545 4199 1803 4253 anathematizemus

1426 4288 1525 4340 omnes,
1545 4273 1592 4339 qui
1610 4273 1718 4324 minime
1745 4285 1804 4322 con-

1425 4346 1535 4400 fitentur
1553 4346 1641 4399 carnis
1670 4356 1804 4400 resurrec-

1424 4421 1532 4484 tionem,
1561 4423 1588 4472 et
1613 4434 1715 4472 omnem
1743 4418 1803 4470 bae-

1425 4493 1506 4561 resim,
1525 4493 1577 4546 hoc
1606 4496 1656 4556 est,
1685 4509 1730 4546 eos
1760 4487 1803 4555 qui

1424 4581 1477 4619 non
1513 4569 1576 4619 suut
1603 4582 1636 4618 ex
1672 4567 1723 4619 hac
1753 4561 1803 4616 fide

1424 4644 1532 4694 sanctee
1551 4640 1689 4705 soliusque
1715 4638 1803 4692 cethe-

1425 4714 1494 4765 licae
1513 4714 1653 4766 ecclesiae.

579 5001 1126 5070 ¹NotatudignasuntqueeS.Epiphen.
1180 5005 1296 5056 ecclesia
1330 5005 1360 5057 iu
1400 5017 1493 5059 sancta
1519 5006 1585 5058 urbe
1616 5005 1650 5057 ab
1683 5003 1802 5057 omnibus

502 5077 565 5131 hnic
584 5077 720 5129 formulae
737 5076 890 5142 subJ'ungit:
913 5077 1006 5144 „llaec
1033 5075 1127 5131 eadem
1181 5078 1283 5132 sanctis
1314 5078 1458 5145 episcopis,
1495 5079 1542 5145 qui
1578 5079 1641 5146 plus
1678 5075 1801 5132 trecentis

503 5151 570 5204 fides
592 5149 728 5203 asaneus
756 5149 888 5216 apostolis
917 5147 1020 5200 tradite
1045 5153 1072 5202 et
1098 5150 1127 5201 in
1183 5149 1273 5203 decem
1295 5151 1409 5217 inerunt,
1430 5153 1599 5220 praescripta
1616 5148 1684 5207 est.“
