1088 1669
770 217 789 233 17

135 262 185 287 gulis
194 262 269 286 (saltem
277 262 296 281 in
302 262 400 286 Armenio)
406 262 489 281 divisum
496 269 537 281 esse
545 263 564 281 in
572 265 610 281 tres
617 265 684 287 partes,
691 263 789 282 videlicet:

135 291 154 308 iu
164 290 312 314 baptisma—in
321 290 485 315 poenitentiam—
491 290 511 308 in
519 290 651 309 remissionem
659 293 788 315 peccatorum,

135 320 153 336 et
162 317 203 342 ipse
213 317 299 336 defectus
308 317 449 336 coniunctionis
460 317 505 336 etin
515 317 606 336 Armenio
614 324 687 336 novum
694 318 752 336 liuius
760 318 787 336 rei

135 347 270 369 argumentum
280 345 336 364 nobis
347 344 416 363 addere
427 344 507 363 videtur.

190 383 214 400 17
217 395 298 400 ......
309 388 333 400 ex
349 381 395 400 alia
409 382 541 400 substantia
554 382 635 400 dicunt
646 388 695 401 esse
705 382 788 401 Filium

135 408 181 427 Dei.
196 408 283 427 Graecus
298 409 363 428 habet:
375 416 400 428 ex
410 409 455 428 alia
465 409 587 435 hypostasi
597 410 646 428 sive
656 409 788 428 substantia

134 437 198 458 (nauta)
209 439 242 455 etc.
253 436 328 455 Revera
337 437 395 455 etiam
402 436 504 455 Armenius
514 439 576 455 textus
587 437 639 461 apud
647 437 746 455 Nersetem
753 436 787 455 ΙΙΙ.

135 469 184 481 saec.
196 463 236 482 VII.
252 467 270 482 et
282 463 336 482 multi
352 463 411 483 Codd.
426 464 499 483 habent
510 464 565 489 juxta
581 464 677 483 Graecum
691 464 786 488 duplicem

135 491 243 509 terminum:
264 492 346 515 Δηιῇηιιῖι
359 494 416 515 atque
432 493 541 515 qtgsmffllu'lt.
564 492 587 509 In
605 491 687 510 formula
709 491 788 516 vulgata

135 518 241 537 editionum
255 519 347 537 omittitur
358 525 412 541 unus,
423 519 514 543 quoniam
524 522 604 543 uterque
614 519 633 537 in
643 519 733 537 Armenio
744 525 785 543 per-

135 545 184 564 fecte
194 546 308 571 synonimus
318 549 352 566 est.

192 583 220 601 18.
237 582 271 605 Et,
296 582 362 607 quod
381 582 524 601 mutabiles
544 583 601 608 sint,
621 583 677 601 sive
696 583 788 601 altera-

135 609 203 628 biles
218 612 252 628 etc.
267 610 350 635 Propius
365 610 438 629 aceedit
449 610 523 629 Graeco
536 610 591 628 lectio
602 610 654 634 apud
666 609 787 629 Oathulieum

135 637 265 656 Abx-ahamum
286 643 334 656 saec.
357 637 400 656 Vll.
422 638 442 655 in
464 644 498 656 sua
520 637 602 662 epistola
623 637 728 663 encyclica:
754 638 788 656 sit

135 664 275 683 mutabilis
285 664 328 683 vel
343 664 504 683 alterabilis.
515 664 538 683 Ei
552 665 667 689 suffragatur
677 667 695 683 et
706 665 787 689 epistola

135 692 220 710 Nersetis
232 692 264 710 ΠΙ.
276 698 323 710 saec.
334 692 375 710 V11.

191 729 220 747 19.
231 728 276 747 Eos
287 728 463 747 anathematizat
476 728 590 747 catholiea
600 728 705 747 ecelesia.
721 729 787 747 Hicin

135 756 278 781 comparatione
293 756 356 781 graeei
370 759 433 775 textus
448 756 545 775 invenitur
559 763 599 774 non
609 756 656 774 levis
667 756 787 775 abbreviatio

134 783 155 801 in
181 783 276 802 Armenio.
303 783 389 802 Graecus
409 783 461 808 legit:
488 783 534 802 Hos
563 783 787 806 anathematizamus,

135 817 147 835 q
156 811 256 829 uoniam
277 811 484 830 anathematizat
504 817 546 829 eos
565 811 693 829 catholica
709 813 788 829 mater

135 841 227 857 nostra
242 841 265 857 et
279 838 433 863 apostolica
449 838 576 857 Ecclesia.
594 838 625 857 Et
642 845 672 857 an
681 838 789 857 atherna-

135 867 248 884 tizamus
267 872 356 889 omnes,
374 866 523 890 quicunque
548 872 597 884 non
622 866 789 884 eonfitentur

137 900 161 912 re
170 893 363 912 surrectionem
387 893 482 916 carnis,
505 896 528 911 et
549 900 645 911 omnem
660 893 762 912 haeresi
771 900 787 916 n,

135 920 184 939 hoc
199 923 237 939 est
252 927 299 944 eos,
314 921 358 945 qui
373 927 421 939 non
435 923 494 939 sunt
508 927 536 939 ex
551 920 595 939 hac
610 920 664 939 fide
679 923 787 939 sanctae

135 955 145 966 e
153 951 161 967 t
184 948 276 967 unicae
296 947 443 966 catholicae
461 948 493 966 Ec
501 947 602 966 elesiae.
622 948 673 966 Huic
690 948 786 966 emissioni

134 980 192 1000 (quae
203 978 252 994 certe
262 975 352 994 Armenio
362 975 460 999 interpreti
468 975 526 994 tribui
536 982 575 993 non
584 977 650 1000 potest,
661 975 717 1000 quasi
728 982 787 999 quum

135 1003 199 1022 omnia
218 1003 310 1025 vertisset,
331 1003 384 1021 hune
403 1002 466 1021 solum
485 1003 580 1021 omisisset
597 1002 668 1028 locum)
686 1009 732 1021 sane
747 1009 786 1021 non

135 1033 199 1055 potest
216 1030 321 1049 remedium
338 1030 401 1048 afferri
417 1029 504 1048 subsidio
520 1030 613 1051 codicum.
634 1030 667 1054 qui
685 1030 786 1054 hucusque

135 1058 191 1076 nobis
206 1058 339 1081 innotuerunt3
354 1060 419 1076 tamen
433 1057 464 1076 hie
479 1057 535 1076 etiam
550 1060 617 1080 textusy
635 1058 667 1082 qui
682 1058 787 1082 praebetur

133 1086 154 1104 in
169 1085 250 1110 epistola
264 1085 348 1104 Nersetis
358 1085 393 1104 111.
408 1091 456 1103 saec.
466 1085 508 1104 VII.
523 1085 579 1103 nobis
594 1085 716 1104 conservavit
729 1085 787 1110 parti-

134 1112 197 1131 culam
214 1120 237 1131 ex
254 1112 287 1131 illo
301 1112 349 1136 loco,
367 1112 413 1131 dum
427 1112 473 1137 legit
487 1112 524 1131 hoc
538 1112 603 1131 modo:
623 1112 680 1135 „Hos
695 1112 763 1131 anath
769 1119 786 1130 e-

134 1140 271 1163 matizamus,
288 1140 393 1164 quoniam
407 1140 586 1158 anathematizat
602 1146 639 1158 eos
657 1139 784 1158 eatholiea²

134 1171 168 1186 etc.
181 1167 275 1190 Ceterum,
290 1167 343 1192 quod
353 1167 416 1186 adhuc
426 1168 446 1186 in
456 1167 545 1186 Armenio
556 1167 614 1191 deest,
630 1167 708 1191 aliquod
719 1167 786 1186 saltem

134 1196 175 1214 eius
185 1195 287 1219 vestigium
301 1195 358 1214 nobis
371 1195 454 1214 servavit
463 1195 612 1219 Lamprnnensis
621 1195 641 1213 in
652 1195 721 1219 Exposr
731 1194 786 1220 Sym*

134 1222 174 1241 boli
191 1229 249 1247 saepe
266 1229 278 1241 a
292 1222 348 1241 nobis
367 1223 428 1245 citata,
446 1222 524 1247 quaudo
539 1222 659 1246 transcripsit
673 1222 786 1247 paraphrasi

134 1253 195 1269 totum
217 1250 396 1268 anathematismum
414 1250 459 1268 huie
476 1249 566 1275 symbolo
583 1249 682 1274 proprium
700 1249 751 1267 hunc
766 1249 785 1267 in

133 1277 219 1297 modum:
236 1277 266 1299 „Ii
281 1283 339 1301 vero7
354 1277 392 1301 qui
407 1276 550 1295 alterabilem
561 1276 596 1295 vel
605 1276 718 1295 mutabilem
727 1283 786 1295 unam

134 1308 153 1324 et
171 1308 240 1323 natura
259 1305 330 1323 bonam
350 1304 468 1323 divinitatem
485 1304 614 1323 sanctissimae
629 1304 728 1322 Trinitatis
743 1304 785 1322 ausi

134 1335 179 1351 sunt
195 1332 329 1357 blasphemare
344 1335 362 1351 et
379 1332 420 1351 eius
435 1334 577 1357 oppugnatores
594 1331 656 1350 effecti
671 1334 720 1354 sunt,
735 1337 785 1349 ana-

134 1360 306 1378 thematizamus
321 1362 340 1378 et
354 1359 478 1384 prohibemus
488 1366 520 1377 eos
531 1365 542 1377 a
552 1359 592 1378 Deo
603 1362 621 1378 et
631 1365 642 1377 a
651 1358 785 1378 benedictione

133 1387 219 1406 fidelium
233 1387 274 1405 eius
284 1389 335 1405 recte
345 1387 466 1410 sententium}
480 1393 543 1411 neque
555 1393 590 1405 nos
600 1386 737 1409 tautummodo,
751 1385 785 1404 sed

732 1419 739 1431 a
