1088 1669
302 218 312 234 6

299 250 355 275 juxta
375 257 397 269 ac
416 250 466 269 mala
485 251 509 268 ab
526 249 621 274 Gregorio
637 248 770 268 nluminatore
788 252 839 268 recte
857 249 958 268 deducere-

301 277 375 302 Ecquis
389 278 466 296 illorum
478 277 510 296 vel
521 276 590 295 leviter
604 276 692 295 dubitare
704 276 774 301 poterit
786 276 834 301 quin
846 276 958 295 huiusmodi

302 304 417 330 Symbolum
425 305 477 323 hunc
485 303 586 323 Armeniae
593 303 703 328 apostolum
710 303 800 322 habuerit
807 303 918 322 auctorem?
927 304 959 322 Ita

302 332 354 356 apud
371 339 404 351 eos
421 332 501 350 illustris
517 334 630 356 praeceptor
645 330 789 356 Pesdimalgian
804 331 825 349 in
842 337 908 355 opere,
925 330 958 349 cui

301 359 379 378 titulus:
393 359 506 378 Tramites
521 357 620 381 luminis,
635 364 685 382 quae
701 358 779 382 quidem
794 357 914 377 elucubratio
928 357 958 376 nil

302 386 355 405 aliud
372 389 401 405 est
419 387 456 404 nisi
473 385 562 412 Symboli
581 385 679 410 expositio.
702 385 750 404 Item
767 385 863 404 Messerus
881 385 903 403 in
922 391 959 403 sua

301 413 405 432 Doctrinae
413 414 527 432 christianae
535 412 668 435 Instructione,
678 412 786 431 Matthaeus
793 412 958 437 Archiepiscopus

302 447 324 459 ac
339 440 383 459 dein
397 440 555 459 Ecimiazinensis
570 439 689 463 Patriarchs,
706 442 725 458 et
741 442 854 465 praeceptor
868 439 958 458 «Ioannes

301 468 389 486 Deroenz
409 468 461 492 apud
480 474 513 486 eos
531 473 595 486 rerum
612 473 710 486 sacrarum
726 467 866 486 eruditissimus
883 466 903 485 in
921 473 956 485 suo

301 495 402 514 Periodico
421 495 460 521 (oui
476 501 546 513 nomen
562 494 647 519 Erevag)
661 495 719 513 1865
737 494 793 513 Febr.
811 495 840 513 16.
857 500 908 512 num.
924 495 955 513 55.

301 529 345 547 pag.
363 524 387 541 53
403 522 476 541 nullam
493 522 562 541 erroris
579 521 708 546 suspicionem
725 524 810 545 movent,
826 528 887 546 quum
901 521 957 547 Sym-

301 549 373 572 bolum
383 550 406 568 de
415 556 453 574 quo
461 550 540 574 agimus,
548 548 647 573 appeliant
655 548 731 567 disertis
740 549 813 567 verbis:
823 548 956 574 Symbolum

301 576 468 595 Illuminatoris
482 579 540 601 atque
552 579 574 594 ut
586 575 623 594 tale
636 575 782 601 amplectuntur.

356 604 420 628 Atque
430 604 477 622 adeo
487 604 537 622 inter
549 609 582 622 eos
595 603 689 622 eiusmodi
698 603 810 628 praeventio
822 603 888 622 locum
900 603 955 622 abso-

302 631 354 649 lutae
369 631 489 650 certitudinis
504 630 592 653 obtinuit,
606 633 628 649 ut
641 630 661 648 in
672 630 799 655 catechismo,
814 637 871 655 quem
882 630 956 649 Doctri-

301 658 376 677 narium
386 658 452 677 dicunt
462 658 534 676 mediae
545 657 617 680 classis,
627 664 678 676 anno
687 658 738 676 1858
749 657 805 680 edito,
815 658 849 682 qui
859 660 878 676 et
887 658 956 676 exemi>

301 689 358 704 natus
369 686 526 710 approbatusque
536 688 565 703 est
575 685 599 703 ab
610 691 676 703 eorum
683 684 808 703 Patriarchali
816 684 897 710 Synodo
905 684 956 703 Con-

302 712 477 737 stautinopolitana,
494 719 536 737 pag.
551 713 630 731 58—61
650 715 753 736 postquam
772 712 791 730 in
812 712 955 731 enumeratione

302 740 439 765 Symbolorum
447 743 527 764 quartus
535 739 589 758 locus
598 739 707 763 assignatus
717 742 746 757 est
753 739 848 764 Symbolo
856 738 954 758 Ecclesiae

301 767 440 790 Armeniorum,
451 774 462 785 a
472 766 612 785 catechizandis
622 766 659 785 hoc
668 766 726 785 modo
737 767 856 791 exquiratur:

359 794 390 817 „Q
402 794 503 817 Quodnam
515 796 603 812 nostrum
615 793 752 819 Symbolum?“

359 822 390 843 „R
401 822 493 840 Nostrum
503 820 609 840 Nicaenum
619 820 652 844 est,
661 820 698 839 hac
708 820 752 840 illac
763 827 773 840 a
782 823 849 840 nostro
856 820 955 840 Illumina*

301 852 342 867 tore
353 849 471 873 expositione
482 848 617 867 declaratum*

359 876 391 898 „Q
402 875 501 898 Quaenam
511 878 575 901 partes
586 875 705 900 expositae?“

359 903 391 925 „R
404 903 451 921 Illae
462 906 513 926 sunt,
524 909 573 928 quae
583 902 663 921 diversis
673 903 741 921 litteris
750 902 770 921 in
780 902 890 928 praeposito
899 902 954 928 Sym-

301 930 347 949 bolo
362 931 523 955 distinguuntur.'¹

355 958 380 976 Et
396 958 423 976 ibi
442 958 494 976 hisee
513 957 585 981 litteris,
604 957 678 982 absque
697 957 737 975 ulla
751 957 870 982 exceptione,
887 963 953 976 omnes

301 984 419 1003 differentiae
434 985 584 1009 distinguuntur,

356 1012 383 1030 Ut
397 1019 442 1031 vero
458 1012 481 1030 ad
496 1012 609 1036 Europaeos
624 1012 726 1037 scriptores
741 1011 861 1035 accedamusy
876 1011 953 1036 saepius

300 1039 359 1058 hocce
374 1039 490 1064 Symbolum
506 1040 525 1057 in
538 1039 626 1064 Liturgia
638 1039 722 1058 Armeno
738 1039 810 1058 editum
827 1045 860 1057 eos
876 1038 953 1057 minime

300 1066 360 1085 latuit⁴
375 1067 494 1085 Le-Brunius
507 1066 613 1092 Presbyter
627 1066 711 1085 Orator-ii
724 1066 785 1085 Patris
800 1066 862 1084 Pidou
876 1065 953 1085 Ordinis

300 1093 438 1112 Theatiuorum
460 1094 480 1112 in
499 1094 589 1112 Armenia
610 1093 726 1112 Missionarii
744 1093 852 1112 versionem
874 1093 952 1117 accepit,

301 1127 360 1145 quum
368 1121 388 1139 in
397 1128 431 1140 suo
439 1128 496 1146 opere
504 1121 594 1140 omnibus
604 1121 682 1145 cognito
689 1121 796 1145 Liturgiam
802 1120 906 1139 Armenam
914 1120 953 1139 vul-

299 1149 362 1173 gavit;
378 1149 444 1173 ibique
459 1149 526 1167 asserit
540 1148 647 1167 Ecclesiam
661 1148 764 1167 Armenam
781 1147 888 1167 enumerari
905 1147 952 1166 inter

299 1175 349 1198 illas,
360 1176 430 1200 quibus
440 1177 496 1201 juxta
506 1175 570 1194 Rufini
581 1175 701 1198 senteutiam,
711 1178 842 1200 opportunum
852 1175 915 1193 visum
925 1177 953 1193 est

300 1206 367 1221 contra
379 1210 441 1222 novos
456 1209 529 1221 errores
541 1202 613 1227 aliquid
624 1202 718 1229 Symbolo
731 1202 805 1221 addere.
820 1202 891 1221 Postea
900 1204 953 1221 notat

299 1233 366 1248 auctor
383 1237 416 1249 sex
433 1230 464 1249 vel
482 1233 554 1255 septem
570 1230 688 1252 additiones,
707 1236 756 1254 quas
772 1229 858 1248 Armenii
875 1229 953 1248 fecerint

299 1257 393 1283 Symbolo
403 1257 546 1283 Apostolorum,
556 1257 650 1276 sumendo
664 1257 709 1276 dein
719 1264 730 1276 a
739 1257 778 1276 fine
787 1257 868 1276 Nicaeni
878 1256 952 1275 anathe-

298 1285 408 1303 matismum
425 1288 492 1303 contra.
505 1285 587 1303 Arianos
602 1287 620 1303 et
635 1284 704 1303 diserte
721 1284 741 1303 in
755 1284 793 1303 hoc
807 1284 952 1309 complectendo

299 1313 356 1331 etiam
366 1312 415 1335 illos,
427 1312 459 1336 qui
467 1312 565 1337 negabant
573 1311 692 1330 divinitatem
699 1312 781 1337 Spiritus
790 1311 854 1330 Sancti
862 1311 952 1337 (Lebrun,

298 1339 421 1364 Explication
436 1339 459 1357 de
469 1339 488 1357 la
502 1345 568 1362 messe,
584 1340 634 1358 1778
645 1345 689 1364 pag.
701 1339 820 1365 162—168).
835 1338 896 1358 Simili
906 1345 952 1363 qua-

300 1367 343 1385 dam
353 1367 488 1385 observatione
498 1367 587 1385 terminat
602 1367 657 1386 etiam
667 1366 760 1385 Binterim
770 1366 844 1392 (Anton
858 1366 899 1385 Jos.
908 1366 952 1384 Bin-
