1088 1669
278 221 299 237 20

277 268 325 286 serie
343 267 457 292 scriptorum
479 266 651 286 ecclesiasticorum
666 267 738 286 saeculi
757 267 779 286 V.
794 267 928 286 Armeniorum

276 295 351 314 nullum
371 295 455 319 potuerit
471 293 553 313 inveniri
570 294 673 319 vestigium
687 295 728 313 eius
743 294 832 320 Symboli
847 296 880 313 sut
896 294 928 313 ali-

276 323 328 347 quod
338 323 423 345 verbum,
439 322 491 347 quod
504 321 556 340 illius
571 322 678 347 proprietas
689 325 742 341 esset.
757 322 831 341 Revera
845 321 928 346 primum

276 350 323 368 illud
333 350 441 368 invenimus
450 350 471 368 in
485 348 584 368 secunda
598 349 679 374 epistola
689 350 783 374 Babgenii
794 349 928 368 Armeniorum

276 377 370 396 Catholici
384 377 409 395 ad
423 377 487 402 Syros,
504 376 538 394 ubi
552 375 637 400 loquitur
652 377 703 395 hunc
718 378 738 395 in
752 377 837 395 modum:
860 377 928 399 „Nunc

276 407 297 423 ut
307 405 366 429 magis
382 407 446 429 petest
460 404 541 423 verbum
551 403 677 422 confessionis
688 408 769 428 nostrae,
784 405 812 423 uti
821 404 927 422 habeamus

276 439 318 451 eam
334 438 369 450 nos
384 431 469 450 Armenii
483 432 503 450 in
517 430 594 449 Patrem
611 434 629 450 et
646 432 666 450 in
681 431 751 450 Filium
769 435 787 450 et
801 432 821 450 in
836 431 927 456 Spiritum

276 459 371 481 Sanctum,
387 466 445 483 snper
459 465 498 483 qua
512 461 623 477 constructa
638 460 722 483 exsurgit
732 462 750 477 et
765 459 884 477 consolidata
899 462 928 477 est

276 487 346 506 Sancta
359 486 454 505 Ecclesia:
469 486 582 505 confitemur
596 486 672 504 Patrem
687 490 705 505 et
719 486 790 505 Filium
804 486 890 511 genitum
905 493 927 505 ex

275 514 332 532 Patre
343 517 387 532 ante
397 513 478 537 saecula,
493 513 565 537 origine
580 517 679 536 carentem,
694 514 815 532 incarnatum
825 520 848 532 ex
858 513 927 532 Sancta

275 541 354 566 Virgine
372 541 432 559 Maria
449 548 484 566 pro
503 540 565 559 salute
582 544 717 564 creaturarum,
738 541 881 560 inscrutabilem
903 541 927 559 ad

275 569 353 587 modum
372 569 494 587 intemeratae
512 568 624 591 nativitatis,
641 571 701 587 matre
722 569 742 586 in
761 568 869 593 virginitate
886 575 927 593 per-

275 599 374 618 manente3
396 599 414 614 et
430 596 450 614 iu
468 595 570 620 spriritum
587 595 678 614 Sanctum
696 596 820 614 increatum
842 598 863 614 et
880 602 926 620 per-

275 624 375 643 fectum.“

329 650 417 675 Epistola
438 651 508 675 prims
525 649 624 674 Babgenii,
645 650 665 668 in
687 657 726 674 qua
747 650 833 669 nondum
854 651 925 669 mentio

275 678 390 703 praemissae
405 677 530 696 confessionis
540 677 566 700 fit,
581 679 609 695 est
621 678 691 702 scriptu
703 677 785 700 „XVIIL
796 684 846 696 anno
857 678 925 697 Uabsti

275 706 324 730 regis
343 708 428 729 regunst⁴
449 708 470 723 ut
486 704 513 723 ibi
530 704 605 723 disertis
620 705 684 723 verbis
703 707 788 728 notatum
809 712 854 729 ergo
874 712 925 724 anno

276 733 350 751 circiter
365 734 405 751 504
414 732 525 757 Bebgenius
540 731 618 750 nonnisi
633 732 747 757 Symbolum
762 739 809 757 pure
820 732 926 751 Nicaenum

275 760 367 784 cognovit
385 760 452 778 saltem
466 763 488 778 ut
506 759 632 784 praecipuum
646 762 665 777 ct
682 766 782 778 commune
797 760 816 778 in
831 759 925 783 Armenia,

274 787 362 811 idemque
377 787 433 811 quasi
448 787 543 811 integrum
557 786 585 805 ibi
599 787 671 811 profert
685 787 704 805 iu
715 793 773 805 aurea
787 787 855 811 lingua
869 787 925 811 primi

275 814 346 833 dimidii
361 814 433 833 saeculi
447 814 470 833 V.
486 816 525 833 toto
535 820 557 832 ex
567 820 636 838 genere
652 814 727 833 diverse
740 815 765 833 ab
780 814 813 832 illu
826 814 925 839 Babgenii.

275 842 336 860 Valde
347 841 446 866 probabile
461 842 555 860 habemus
564 841 584 859 in
598 841 699 860 intervallo
715 842 799 866 primae
814 845 835 860 et
849 848 925 860 seeun-

275 869 314 888 dae
337 869 412 887 illarum
434 869 558 894 epistolarum
580 868 604 887 ad
622 868 681 894 Syros
702 869 809 887 innotuisse
824 869 924 888 Catholico

275 897 408 915 Armeniorum
429 899 515 915 nostrum
530 895 645 921 Symbolum
666 899 684 915 et
705 896 742 914 hoc
757 903 790 921 per
807 896 866 922 Syros
881 903 925 915 cum

275 924 345 948 quibus
360 930 382 942 eo
399 926 484 948 tempore
496 923 590 942 tractabat
604 923 719 948 Babgenius.
734 924 756 942 In
766 927 819 942 textu
834 924 923 942 Armenio

275 951 322 969 nihil
336 951 437 974 invenitur,
452 951 505 975 quod
519 951 637 969 demonstret
651 951 778 969 immediatam
793 952 899 970 versionem
914 958 925 970 a

276 979 356 1001 Graeco,
372 979 415 1002 imo,
434 981 454 997 ut
468 979 505 997 iam
516 978 665 1001 observavimus,
682 979 795 1003 permutatio
806 979 859 997 vocis
875 979 924 997 sub-

275 1006 358 1025 stantia.
373 1006 411 1032 (vel
426 1006 526 1025 essentia
539 1006 595 1030 οὐσία)
610 1006 630 1024 in
645 1012 711 1024 vocem
728 1009 810 1024 natura
824 1013 859 1025 nos
875 1006 926 1031 cogit

275 1036 297 1052 ut
318 1033 359 1052 eius
381 1033 474 1052 rationem
493 1033 626 1058 perquiramus
646 1034 665 1051 in
680 1033 764 1058 Syriaco.
786 1033 847 1059 Syros
863 1034 883 1052 in
902 1040 925 1052 ea

275 1067 335 1086 epe-ea
349 1060 398 1079 illud
413 1061 527 1086 Symbolum
542 1060 562 1079 in
577 1067 613 1079 usu
628 1061 719 1079 habuisse
734 1064 786 1079 extra
796 1061 857 1079 aleam
872 1061 925 1080 dubii

275 1088 360 1113 positum
374 1091 408 1107 estr
423 1088 480 1107 Nunc
490 1088 540 1107 enim
550 1088 643 1106 habemus
654 1088 674 1106 in
684 1089 772 1107 versione
782 1088 872 1107 Armenia
886 1089 925 1113 epi-

275 1115 344 1134 stolam
361 1115 456 1140 (nondum
474 1115 553 1140 editam]
569 1115 662 1141 Syrorum
677 1116 701 1134 ad
715 1116 814 1134 Nersetem
828 1116 852 1134 ΙΙ.
869 1116 925 1135 Asta-

275 1143 376 1162 rskensem
396 1143 501 1162 secundum
518 1143 613 1168 Babgenii
632 1150 762 1162 successorem
784 1146 802 1162 et
819 1143 844 1162 ad
858 1144 926 1163 Nersa-

275 1177 341 1195 porem
362 1171 481 1196 Episcopum
501 1170 602 1189 Taurantii
619 1174 637 1190 et
654 1171 829 1194 Mamiconensium
852 1172 873 1189 in
888 1178 926 1196 qua

275 1198 330 1217 siunt
345 1198 494 1224 Monophysitae
513 1197 541 1217 illi
559 1198 728 1223 incorrupticolae:
750 1199 831 1221 „Homo
851 1199 925 1218 factus

275 1228 309 1244 est
322 1226 429 1250 perfecte
445 1232 511 1250 quum
525 1226 678 1250 assumpserit
693 1233 718 1244 ex
727 1226 822 1250 Virgine
837 1233 926 1245 carnem

275 1260 350 1272 veram
360 1256 379 1272 et
393 1254 487 1272 animam
501 1259 526 1272 ac
540 1256 640 1277 mentem,
654 1260 723 1279 passus
734 1256 766 1276 est7
781 1254 883 1272 crucifixus
898 1257 927 1272 est

275 1287 310 1306 pro
320 1281 376 1299 uobis
387 1284 408 1299 ut
422 1281 463 1306 ipse
473 1281 538 1304 voluis
553 1281 669 1304 veraciter,
684 1288 728 1299 non
743 1284 816 1300 autem
831 1281 926 1300 fictione

274 1307 456 1336 (phantasmate)...
472 1309 563 1333 quoniam
577 1315 626 1331 caro,
641 1315 699 1333 quam
710 1308 732 1327 de
747 1309 803 1327 nobis
818 1309 927 1333 assumpsit,

275 1336 427 1361 incorruptibilis
442 1339 481 1355 erat
496 1339 514 1354 et
527 1336 612 1361 gloriosa
627 1343 660 1361 per
675 1336 715 1354 eius
730 1336 826 1359 unionem,
846 1339 864 1355 et
879 1343 927 1355 cum

276 1363 352 1382 eadem
378 1369 445 1382 carne
474 1363 600 1382 resurrexit
627 1363 735 1388 sedetque
762 1363 788 1382 ad
813 1363 927 1382 dexteram

276 1391 365 1409 Fames
