3854 6084
445 489 490 572 44

445 672 609 772 gloriam
637 680 738 772 (pag.
769 669 876 770 30.)st
925 672 963 747 si
991 672 1032 745 in
1059 672 1134 744 ista
1162 673 1423 772 recognitione
1453 682 1610 746 auctore
1639 671 1754 744 inter-

446 794 553 881 prete
581 782 604 856 i.
625 784 714 856 ein
743 783 824 857 eius
853 781 1115 856 testimonium
1143 782 1332 881 quaedam
1361 793 1507 858 mutata
1531 791 1632 870 sunt,
1653 803 1755 876 quae

446 893 646 964 immutata
683 917 837 966 manere
874 902 1085 988 potuerunt
1121 890 1410 988 nonnullaeque
1448 887 1757 988 grammaticales

357 1073 360 1078 .
448 997 733 1097 singularitates
764 999 1068 1074 correctionibus
1097 1010 1186 1073 ante
1208 999 1318 1073 dictis
1340 999 1602 1097 obrepserunt,
1624 1019 1756 1070 sacrae

447 1108 740 1206 congregationi
768 1109 864 1182 ratio
895 1109 976 1181 eius
1005 1133 1083 1180 non
1116 1107 1313 1182 reddenda
1352 1119 1417 1198 est,
1460 1107 1528 1181 sed
1564 1105 1612 1178 iis
1649 1105 1756 1204 ipsis,

448 1218 514 1315 qui
544 1215 846 1316 Congregationi
875 1217 1119 1315 interpretem
1162 1215 1271 1291 illum
1314 1227 1510 1314 tamquam
1554 1241 1649 1306 eum,
1693 1214 1757 1288 cui

448 1325 658 1414 confidunt,
688 1325 1063 1400 commendaverunt.
1092 1323 1138 1399 Id
1168 1325 1342 1401 fecerunt
1361 1325 1532 1400 Armenii
1559 1322 1757 1414 Poloniaa

449 1435 540 1532 quia
568 1434 869 1525 rectificationes
900 1434 946 1507 (16
976 1435 1117 1530 quibus
1149 1435 1322 1530 quaestio
1353 1447 1419 1525 est,
1450 1436 1495 1508 iis
1526 1433 1670 1531 primus
1694 1431 1757 1504 de·

448 1543 610 1617 stinatae
639 1553 764 1634 erant3
798 1543 988 1639 iidemque
1018 1555 1055 1617 et
1083 1555 1254 1616 sanctam
1284 1543 1413 1616 sedem
1441 1541 1678 1639 impulerunt
1708 1539 1758 1613 ad

448 1651 547 1725 hanc
576 1679 655 1725 rem
684 1650 941 1726 festinantiam
970 1663 1007 1724 et
1034 1653 1280 1751 interpretem
1307 1652 1355 1724 ad
1376 1665 1477 1755 astra
1496 1649 1695 1737 tollebant,
1716 1663 1760 1721 ut

447 1759 660 1834 nonnullae
688 1762 728 1833 in
757 1772 889 1834 nostra
929 1759 1166 1834 bibliotheca
1208 1772 1381 1834 servatae
1426 1759 1608 1858 epistolae
1650 1757 1757 1830 illius

448 1871 630 1968 temporis
642 1881 855 1943 ‘testantun

558 1995 653 2070 Post
681 1997 922 2093 aliquantum
950 1997 1132 2092 temporis
1173 1997 1339 2096 spatium
1379 1994 1538 2070 simulac
1577 1993 1780 2069 catholici.

452 2103 623 2179 Armenii
653 2106 700 2180 (16
721 2106 779 2178 his
800 2103 1103 2179 correctionibus
1123 2103 1286 2202 aliisque
1305 2107 1422 2180 rebus
1442 2105 1483 2180 in
1503 2104 1562 2178 his
1583 2103 1760 2177 nondum

451 2216 754 2288 commemoratis
784 2240 863 2286 non
892 2234 1041 2312 semper
1068 2214 1168 2287 inter
1198 2213 1237 2287 se
1267 2228 1546 2288 consentaneas
1576 2204 1765 2322 observa?

450 2323 574 2396 tiones
604 2319 638 2397 S.
668 2322 910 2399 sedi-facere
945 2337 1166 2419 coeperunt,
1207 2322 1354 2423 placuit
1388 2323 1476 2398 Sodi
1520 2320 1759 2419 apostolicae

450 2442 652 2528 utramque
679 2444 828 2530 partem
856 2430 996 2504 audire.
1034 2432 1136 2505 Tum
1166 2457 1187 2504 a
1217 2431 1480 2529 compluribus
1510 2443 1601 2503 vota
1629 2440 1760 2526 postu·

450 2538 528 2614 lata
557 2551 656 2634 sunt,
686 2566 851 2638 quorum
880 2537 1070 2612 nonnulla
1099 2539 1330 2638 exemplaria
1358 2541 1398 2613 in
1420 2538 1576 2614 archivo
1599 2539 1761 2636 patriar·

453 2649 587 2726 chatus
611 2647 1028 2746 Constantinopolitani
1059 2663 1285 2724 conservata
1314 2661 1415 2740 sunt,
1445 2649 1651 2747 praecipue
1679 2648 1761 2720 voti

451 2757 649 2833 cuiusdam
670 2757 785 2831 Piatti
805 2756 1038 2852 alteriusque
1059 2759 1137 2831 voti
1155 2756 1371 2833 Cardinalis
1387 2758 1473 2848 Mai,
1493 2757 1599 2854 quod
1613 2754 1763 2854 aliquid

450 2866 630 2942 historiae
659 2866 764 2940 illius
793 2865 938 2968 negotii
968 2868 1146 2944 continet.
1175 2867 1310 2941 Nobis·
1327 2894 1418 2940 vero
1439 2893 1519 2942 non
1538 2878 1673 2939 notum
1693 2876 1760 2954 est,

452 2975 645 3072 quomodo
675 2987 713 3049 et
748 2975 998 3072 quamobrem
1040 3001 1173 3050 rursus
1218 2977 1258 3048 in
1300 2976 1424 3050 medio
1468 2974 1760 3072 relinqueretur.

450 3084 668 3160 Novissime
696 3096 867 3182 tempore
896 3083 1060 3157 multum
1091 3085 1330 3184 disputatum
1350 3097 1407 3160 est
1425 3111 1505 3158 rem
1526 3084 1662 3160 denuo,
1675 3108 1761 3154 esse

453 3192 790 3285 considerandam
819 3217 1019 3288 nunquam
1049 3221 1140 3268 vero
1161 3193 1308 3291 aliquid
1327 3195 1471 3296 factum
1492 3204 1557 3267 est.
1585 3192 1763 3265 Tandem

456 3302 616 3402 Synodo
640 3303 755 3400 jussu
785 3299 947 3376 Sanctae
977 3299 1084 3376 Sedis
1113 3304 1286 3400 proximo
1327 3329 1428 3376 anno
1468 3302 1621 3376 habitae
1659 3326 1761 3373 com·
1811 3399 1815 3406 '

454 3411 635 3484 mendata
664 3422 728 3509 est,
757 3422 802 3483 ut
828 3412 1010 3484 universa
1037 3412 1250 3508 recognitio
1279 3411 1545 3508 liturgicarum
1574 3409 1763 3484 librorum

454 3521 561 3594 fieret
590 3513 834 3618 eventusque¹
856 3519 910 3604 rei
940 3518 1102 3593 Sanctae
1129 3521 1218 3595 sedi
1246 3523 1502 3618 praeberetur.

561 3647 640 3722 Nos
655 3658 754 3721 certe
766 3673 846 3719 non
856 3647 1053 3741 habemus,
1070 3674 1136 3721 cur
1153 3648 1199 3721 de
1211 3646 1282 3721 hac
1298 3648 1512 3746 prolatione
1523 3673 1763 3746 quaeramur,

455 3782 574 3852 quum
604 3781 692 3853 spes
722 3756 823 3829 adsit
849 3755 1044 3830 meliorem
1073 3757 1113 3830 in
1140 3757 1299 3831 modum
1319 3784 1398 3830 rem
1419 3758 1480 3854 agi
1500 3783 1623 3855 posse,
1643 3780 1763 3852 quam

454 3863 534 3937 ullo
563 3863 638 3937 alio
668 3876 847 3962 tempore.
894 3864 1127 3939 Prolationis
1164 3892 1257 3939 vero
1295 3892 1412 3939 causa
1450 3880 1538 3957 erat,
1576 3877 1618 3939 ut
1646 3864 1762 3938 nobis

455 3973 616 4062 videtur,
666 3984 702 4046 et
743 3973 969 4047 immodesta
1011 3963 1306 4072 intemperantia
1348 3974 1591 4072 quorundam
1635 3973 1765 4050 omnia

453 4082 626 4156 mutandi
641 4094 678 4155 et
694 4081 857 4155 aliorum
873 4083 1041 4156 studium
1062 4084 1188 4156 omnia
1203 4085 1285 4158 sine
1302 4083 1518 4157 discrimine
1533 4085 1573 4156 in
1588 4081 1761 4156 Armeniss

459 4192 537 4264 acis
566 4191 676 4266 libris
703 4190 892 4288 liturgicis
920 4191 1020 4264 lecta
1047 4192 1231 4266 intactilia
1259 4192 1461 4266 statuendi.

566 4316 627 4409 Iis,
648 4317 714 4415 qui
733 4317 824 4390 huic
835 4319 1037 4414 posteriori
1053 4305 1265 4394 sententiae
1280 4319 1541 4393 inserviebant
1556 4329 1622 4393 aut
1635 4316 1764 4394 adhuc

461 4428 688 4516 inserviunt,
716 4437 817 4500 certe
846 4425 941 4500 haec
971 4427 1047 4501 duo
1078 4429 1119 4501 in
1138 4455 1213 4502 usu
1235 4428 1487 4502 discernenda
1516 4440 1615 4519 sunt,
1643 4453 1765 4524 quum

462 4535 501 4606 id
530 4534 656 4632 ipsum
693 4534 896 4609 discrimen
930 4563 1001 4610 nos
1030 4537 1079 4610 ad
1101 4539 1241 4612 exitum
1269 4537 1505 4634 quaestionis
1531 4536 1705 4614 adducat.
1731 4535 1764 4608 Ii

461 4643 536 4716 loci
554 4654 774 4718 nostrorum
794 4645 979 4720 librorum
1000 4648 1351 4738 ecclesiasticorum,
1368 4645 1413 4718 (16
1430 4646 1571 4743 quibus
1588 4647 1763 4744 quaestio

456 4763 513 4826 est
542 4777 660 4848 quum
689 4753 861 4829 habeant
890 4755 1150 4848 offensionem,
1182 4755 1259 4830 fere
1285 4781 1418 4828 omnes
1445 4780 1536 4828 sane
1556 4756 1596 4828 in
1615 4766 1765 4828 rectum

456 4886 610 4934 sensum
640 4863 762 4961 accipi
789 4862 853 4936 vel
882 4864 1064 4963 explicari
1094 4879 1283 4963 possunt3.
1311 4876 1475 4961 possunt
1503 4863 1579 4937 loci
1608 4864 1764 4961 analogi

456 4998 500 5044 ex
516 4970 659 5044 sanctis
675 4969 856 5045 Patribus
877 4973 991 5066 afferi,
1013 4974 1178 5071 denique
1194 4972 1409 5070 theologice
1425 4974 1581 5071 probari
1596 4985 1765 5072 possunt
1783 4963 1787 4972 ’

529 5172 721 5222 ¹Translatum
737 5185 770 5220 ex
783 5169 915 5233 Armenio,
938 5185 996 5222 cum
1009 5175 1099 5224 textus
1117 5173 1218 5224 latinus
1238 5177 1345 5237 praesto
1365 5187 1419 5222 non
1443 5172 1487 5223 sit.
