3854 6084
1422 471 1464 534 47

148 659 339 734 Armenio
359 668 465 732 textu
485 657 694 755 legendum
709 668 825 746 esset,
852 672 895 728 ut
915 655 1044 752 quoad
1064 653 1221 732 Filium:
1243 681 1293 726 ex
1314 653 1465 728 eadem
1513 639 1515 646 ⁵
1544 657 1548 668 ’

151 771 259 866 ipsa
288 778 454 841 natura
481 766 652 857 Patris,
680 766 734 840 ita
763 767 874 840 etiam
904 763 1033 859 quoad
1062 761 1245 861 Spiritum
1265 761 1466 838 Sanctum:

152 905 209 950 cx
239 876 394 950 eadem
423 877 525 974 ipsa
552 877 821 948 substantia
852 873 1002 945 Patris
1047 884 1089 946 et
1117 870 1262 964 Filii“,
1311 871 1403 945 dum
1446 899 1465 945 e

151 997 292 1060 contra
321 985 435 1058 hodie
465 994 590 1058 totum
611 982 851 1082 deperditum
871 992 935 1054 est.
1076 982 1078 991 '

268 1129 508 1204 Jamdudum
540 1126 703 1202 Concilii
723 1119 947 1200 'Florentini
976 1135 1147 1224 tempore
1175 1125 1375 1222 Eugenius
1396 1124 1462 1197 IV.

151 1241 197 1314 in
228 1265 297 1313 suo
327 1238 386 1312 ad,
405 1236 607 1310 Armenios
637 1235 800 1310 Decreto
829 1235 1061 1324 insinuabat,
1098 1245 1142 1306 'ut
1169 1227 1398 1308 insereretur
1426 1234 1466 1306 in

153 1375 291 1424 eorum
312 1344 501 1449 Symbolo
530 1343 718 1443 professio
739 1343 996 1443 processionis
1010 1342 1181 1442 'Spiritus
1202 1341 1332 1416 Sancti
1353 1342 1466 1415 etiam

152 1485 178 1531 a
209 1456 319 1548 Filio,
368 1453 502 1528 saltem
532 1454 742 1526 Dominicis
773 1453 1067 1552 praecipuisque
1097 1451 1230 1524 Festis.
1259 1450 1351 1524 Ideo
1379 1476 1465 1548 pro·

151 1563 442 1640 habilissimum
469 1565 650 1662 putamus
694 1563 807 1636 etiam
837 1562 903 1634 diu
932 1574 1020 1633 ante
1050 1561 1277 1657 praecitatas
1321 1585 1466 1633 correc-

151 1677 290 1764 tiones,
320 1698 418 1770 quae
447 1670 668 1745 huiusmodi
698 1669 947 1769 professionis
966 1667 1212 1742 'additionem
1240 1694 1308 1766 pro
1330 1667 1466 1765 quavis

153 1781 335 1885 Symboli
376 1781 599 1855 recitatione
642 1780 893 1878 praecipiunt,
936 1777 1016 1874 jam
1059 1777 1276 1868 sacerdotes
1312 1791 1498 1849 nostros*

153 1895 304 1966 sincere
348 1889 558 1964 catholicos
602 1913 684 1960 eam
713 1887 860 1962 fecisse.
907 1885 1016 1988 Nihil
1045 1888 1178 1983 utique
1207 1886 1464 1984 opportunius
1503 1881 1505 1890 ’

156 2001 277 2074 statui
306 2009 458 2098 poterat
476 1999 517 2071 in
537 2007 709 2070 tutamen
730 1998 944 2070 animarum
965 1994 1150 2068 adversus
1170 1994 1280 2075 illum
1300 2019 1466 2066 errorem

154 2107 284 2206 plagis
314 2109 470 2183 orientis
500 2131 659 2204 prorsus
689 2105 936 2204 singularem.
967 2103 1082 2178 Sacra
1112 2102 1252 2200 Oongr.
1282 2103 1328 2176 de
1348 2103 1479 2198 Prop..

154 2217 255 2291 Fide
292 2218 408 2312 jussu
449 2207 690 2290 sanctissimi
734 2215 887 2313 scripsit
929 2213 989 2286 die
1037 2217 1096 2286 14.
1136 2211 1232 2284 Julii
1272 2216 1373 2287 1833
1419 2211 1467 2284 ad

156 2327 372 2399 Antonium
391 2324 580 2422 Nurigian
600 2323 944 2421 Archiepiscopum
964 2321 1171 2394 Primatem
1196 2319 1467 2394 Constantino-

156 2433 384 2533 politanum,
414 2459 502 2507 cum
528 2443 628 2506 essct
648 2430 759 2507 Card.
779 2431 953 2506 Pedicini
982 2429 1205 2503 Praefectus
1235 2440 1272 2506 et
1290 2427 1465 2528 Angelus

156 2544 236 2617 Mai
265 2542 519 2619 Secretarius:
575 2541 712 2629 ,Sacra
741 2538 883 2638 Oongr.
914 2551 952 2612 te
980 2551 1119 2630 monet,
1166 2549 1209 2610 ut
1239 2539 1364 2637 capita
1392 2537 1467 2629 illa,

161 2678 260 2749 quae
303 2664 345 2726 tu
388 2653 471 2749 ipse
515 2651 608 2723 dicis
650 2660 765 2728 notas
809 2675 892 2723 esse
932 2673 1000 2721 seu
1029 2647 1276 2730 characteres,
1324 2649 1466 2743 quibus
1519 2727 1520 2730 Ἴ

159 2759 353 2835 Catholici
366 2760 538 2834 Armenii
553 2769 575 2832 a
591 2759 849 2834 Schismaticis
860 2757 1151 2852 Haereticisque
1168 2756 1467 2853 distinguuntur,

159 2895 278 2966 seque
309 2895 396 2943 cum
424 2869 602 2945 Ecclesia
621 2868 794 2942 Romana
823 2866 1038 2940 consentire
1064 2865 1335 2958 demonstrant,
1363 2890 1468 2963 pror-

160 3005 229 3051 sus
256 2978 432 3070 retineas
480 2989 571 3050 sunt
599 2991 726 3050 autem
754 2978 858 3050 haec.
911 2982 941 3050 1.
971 2974 1165 3048 Professio
1194 2974 1234 3045 in
1270 2971 1468 3074 Symbola

161 3087 268 3184 quod
298 3087 463 3188 Spiritus
494 3085 656 3162 Sanctus
685 3111 765 3158 non
795 3083 921 3159 solum
962 3110 985 3157 a
1013 3083 1136 3176 Patre,
1182 3108 1317 3156 verum
1355 3083 1467 3154 etiam

162 3223 185 3269 a
215 3195 315 3270 Filio
343 3195 536 3295 procedat.
585 3196 635 3269 Et
663 3192 820 3291 quidem
849 3219 952 3285 cave,
998 3219 1047 3267 ne
1076 3191 1311 3265 vocabulum
1345 3189 1468 3264 ullum

159 3305 296 3399 varies,
342 3305 406 3379 vel
433 3303 677 3401 multiplices,
716 3302 784 3376 sed
812 3328 891 3375 uno
921 3301 1132 3398 eodemque
1160 3298 1354 3374 vocabulo
1383 3326 1467 3399 pro·
1541 3379 1542 3388 ,

163 3415 376 3488 cessionem
405 3441 428 3487 a
456 3413 568 3486 Patre
598 3412 776 3509 Filioque
806 3410 977 3489 declares
1006 3422 1043 3484 et
1071 3409 1317 3483 confitearis.“

270 3559 332 3632 Ad
361 3585 461 3636 num.
495 3564 557 3638 12„
592 3558 701 3647 ,Non
730 3556 896 3633 dicatur:
938 3554 1181 3629 Praedicavit
1209 3553 1469 3654 apostolos,

163 3668 231 3742 sed
261 3668 427 3742 dicatur:
457 3667 694 3767 praedicavit
722 3666 935 3738 missum.“

273 3811 299 3886 J
303 3839 362 3885 am
384 3839 503 3911 supra
522 3811 862 3908 animadvertimus
884 3836 1008 3909 neque
1028 3809 1248 3884 lectionem:
1277 3809 1468 3909 Aposto-

161 3922 230 3995 los
252 3927 565 4018 (qmnmplrmgotr),
587 3947 712 4018 neque
732 3920 955 3996 lectionem:
973 3919 1156 3994 missum
1176 3923 1465 4014 (qmamplnuffl),

163 4057 246 4105 esse
276 4032 474 4127 genuinas.
503 4027 685 4104 Attamen
713 4030 887 4103 Romana
917 4054 1079 4102 censura
1108 4054 1152 4101 eo
1181 4039 1353 4126 tempore
1374 4052 1467 4100 non-

161 4140 237 4212 nisi
273 4141 373 4212 inter
401 4139 471 4212 has
502 4140 597 4213 duas
627 4138 766 4236 eligere
795 4148 955 4240 poterat,
1002 4138 1166 4234 ideoque
1196 4163 1279 4210 eam
1313 4147 1467 4235 antepo-

164 4249 248 4339 suit,
297 4272 396 4345 quae
441 4247 574 4322 saltem
619 4272 775 4321 sensum
817 4246 988 4322 habebat
1015 4258 1169 4320 rectum.
1214 4245 1347 4320 Lectio
1376 4270 1467 4318 vero

161 4357 342 4453 genuina,
371 4382 487 4453 quam
517 4358 682 4454 optimae
703 4355 825 4431 Codd.
854 4358 1049 4454 praebent,
1077 4367 1281 4452 textusque
1305 4380 1466 4452 graecus

164 4465 336 4549 affirmat,
365 4476 443 4544 est:
472 4466 518 4539 in
547 4464 787 4563 Apostolis
817 4465 882 4568 (τ.
914 4491 981 4565 per
1011 4463 1246 4566 Apostolos).
1359 4515 1362 4522 ‚

273 4608 338 4684 Ad
365 4635 467 4683 num.
500 4617 546 4684 11
578 4610 736 4686 iterum:
772 4610 882 4700 ,Non
912 4611 1078 4685 dicatur:
1108 4603 1468 4708 generantem1a
1516 4620 1518 4627 ’

163 4718 257 4792 Deo
287 4719 420 4792 Patre
449 4719 766 4818 Unigenitum,
805 4719 850 4792 id
880 4732 961 4812 est,
991 4746 1041 4793 ex
1071 4719 1270 4793 essentia
1298 4717 1468 4808 Patris,

165 4825 233 4901 sed
276 4825 442 4903 dicatur:
489 4839 754 4926 generatum
798 4855 820 4902 a
857 4828 950 4903 Deo
989 4827 1125 4902 Patre
1168 4826 1468 4926 Unigenitum

163 4946 267 5010 ante
296 4937 445 5012 omnia
474 4936 687 5012 saecula.“

238 5160 247 5194 ¹
267 5154 367 5208 Textus
386 5151 459 5206 Arm.
478 5153 534 5219 jam
553 5154 707 5216 nonhabet
727 5155 962 5217 generantem,
983 5151 1030 5204 sed
1050 5153 1211 5220 genitum.
