3854 6084
1418 543 1458 606 51

159 725 212 799 ad
241 723 484 823 disciplinam
510 723 600 823 plus
628 726 807 799 minusve,
833 726 1024 824 oppositio
1058 738 1095 802 et
1122 726 1371 804 contrarietas
1399 727 1463 800 ad-

160 860 297 910 versus
326 833 606 933 plenitudinem
634 859 827 908 sacrorum
857 861 1048 911 canonum
1078 835 1348 934 accipiendam,
1396 837 1463 932 qui

160 955 428 1018 maturuerunt
455 968 533 1017 non
554 943 635 1017 sine
655 942 796 1018 auxilio
817 943 948 1019 divino
968 945 1007 1018 in
1029 945 1267 1020 sanctissima
1300 944 1461 1022 ecclesia
1510 935 1512 940 ¹

161 1053 343 1128 Romana.

271 1161 373 1252 Quid
402 1162 625 1237 conveniret
653 1162 846 1236 recordari
875 1175 912 1238 et
939 1164 998 1238 his
1029 1176 1065 1239 et
1091 1164 1168 1246 illis
1198 1164 1324 1263 aptius
1345 1190 1459 1260 quam

162 1270 402 1346 admirabilia
430 1272 559 1364 verba,
598 1297 696 1368 quae
725 1271 797 1345 sub
827 1274 902 1348 fine
933 1275 1076 1349 saeculi
1105 1273 1191 1348 XII.
1222 1273 1367 1348 Lucius
1395 1271 1463 1345 ΙΙΙ.

162 1407 335 1455 summus
377 1380 549 1479 pontifex
593 1381 745 1480 scripsit
787 1383 836 1456 ad
878 1394 1031 1458 nostros
1074 1395 1202 1482 patres
1245 1384 1286 1456 in
1328 1379 1462 1456 litteris

162 1485 435 1588 apostolicisl¹
851 1555 856 1565 .

275 1599 470 1688 „Romana
498 1599 681 1694 Ecclesia,
709 1601 835 1700 inquit
862 1602 1040 1676 Pontifex
1069 1603 1275 1693 Romanus,
1303 1597 1464 1676 lundata

164 1721 224 1782 est
252 1735 368 1808 supra
396 1720 542 1807 petram
571 1709 660 1784 fidei
690 1736 757 1808 per
785 1713 964 1785 virtutem
983 1713 1063 1803 Dei,
1093 1722 1129 1785 et
1153 1710 1265 1810 juxta
1294 1708 1476 1785 divinam*

159 1819 442 1893 institutionem
469 1817 586 1892 habet
613 1819 868 1920 principatum
899 1846 1013 1919 super
1043 1846 1174 1896 omnes
1202 1819 1383 1894 ecclesias
1427 1830 1464 1907 et

161 1933 405 2028 patestatem.
451 1926 615 2002 docendi
671 1955 734 2002 eas
782 1955 914 2004 omnes
962 1941 1000 2004 et
1044 1928 1260 2030 instruendi
1315 1939 1464 2004 caetera

159 2038 351 2126 membra3
382 2037 472 2134 quia
500 2036 574 2136 ipsi
603 2036 730 2112 claves
750 2039 908 2114 habenti
937 2038 1069 2114 datum
1098 2050 1156 2114 est
1185 2065 1230 2112 ex
1249 2037 1322 2112 Dei
1349 2038 1463 2112 benc·

158 2147 248 2220 ficio
290 2146 365 2221 hoc
409 2145 597 2220 donorum
640 2159 677 2221 et
703 2141 849 2222 ¹virium
877 2159 1155 2242 testamentum,
1203 2158 1246 2222 ut
1274 2145 1463 2244 quidquid

158 2256 338 2354 ligaverit
366 2281 483 2354 super
511 2267 657 2349 terram,
691 2256 852 2355 ligatum
882 2270 981 2332 esset
1010 2259 1114 2332 etin
1144 2257 1261 2349 ecclc,
1291 2268 1328 2330 et
1357 2255 1463 2353 quid-

160 2365 257 2463 quid
299 2364 457 2439 solverit
497 2364 537 2438 in
575 2378 684 2459 terra,
731 2367 900 2442 solutum
931 2378 1030 2442 esset
1058 2369 1163 2442 etin
1193 2366 1308 2442 coelo.
1357 2365 1487 2456 Haec
1559 2421 1560 2428 κ

160 2501 252 2573 ergo
281 2473 458 2548 Ecclesia
478 2475 632 2565 ⁸matria
676 2487 870 2574 tamquam
913 2503 1022 2551 mons
1066 2477 1275 2551 constituta
1312 2485 1379 2566 est,
1428 2485 1465 2546 et

159 2599 218 2660 est
261 2583 394 2658 eadem
422 2584 580 2658 firmitas
610 2584 859 2660 conciliorum
888 2585 1203 2686 acceptabilium3
1249 2585 1334 2684 ipsa
1377 2608 1465 2658 cum

158 2695 210 2769 ab
253 2693 361 2767 initio
405 2719 519 2793 super
557 2693 850 2769 fundamentum
880 2695 1042 2771 solidata
1071 2696 1128 2789 sit,
1157 2719 1289 2770 omnes
1319 2693 1464 2790 ubique

158 2803 338 2878 haereses
381 2801 529 2877 divellit
575 2815 611 2878 et
654 2831 786 2879 omnes
832 2806 1111 2880 haereticorum
1159 2802 1463 2879 abominationes

155 2910 327 3012 impedit,
343 2911 457 2992 nullo
468 2911 623 3010 quidem
639 2939 771 2988 eorum
787 2941 959 2990 errorum
975 2913 1252 3004 contaminata3
1282 2912 1464 3009 quoniam

158 3023 405 3096 conservavit
432 3034 674 3096 venustatem
701 3023 800 3118 fidei,
838 3051 953 3122 quam
981 3019 1464 3123 princeps'Apostolorum

158 3131 237 3230 ipsi
265 3131 508 3228 praedicavit,
555 3157 715 3231 eamque
744 3137 792 3210 ab
822 3135 906 3233 ipso
937 3145 1133 3232 acceptam
1162 3142 1266 3206 tenet
1308 3141 1346 3204 et
1383 3128 1465 3203 sine

157 3242 313 3314 macula
341 3252 457 3340 atque
485 3243 592 3340 rugis
610 3242 822 3340 *inspicitur
850 3242 1097 3342 pulchritudo
1127 3253 1164 3316 et
1193 3241 1316 3334 decor,
1351 3264 1465 3336 quem

160 3349 210 3424 de
253 3349 360 3423 coelo
403 3350 508 3424 Deus
552 3350 586 3424 ei
628 3350 788 3450 largitus
829 3356 894 3445 'est
942 3354 1009 3450 qui
1038 3378 1121 3426 eam
1151 3377 1266 3449 super
1295 3359 1465 3423 caeteras

162 3457 342 3533 ecclesias
374 3471 506 3534 sancta
535 3487 606 3534 sua
633 3461 833 3536 voluntate
861 3462 1074 3562 principem
1115 3462 1156 3535 in
1198 3458 1289 3534 fidei
1331 3457 1465 3532 ordine

160 3568 368 3658 constituit
397 3581 440 3643 ut
468 3569 569 3644 vires
598 3582 637 3645 et
663 3571 780 3644 vitam
809 3584 846 3645 et
865 3597 1005 3669 aquam
1024 3571 1156 3670 gaudii
1175 3597 1220 3644 ex
1239 3569 1313 3642 hoc
1334 3567 1464 3642 divino

161 3677 267 3754 fonte
296 3678 511 3770 haurirent3
560 3680 649 3777 quia
678 3708 722 3754 ex
751 3682 835 3779 ipsa
863 3693 920 3755 est
947 3681 1082 3755 hortus
1112 3678 1330 3769 conclusus
1377 3676 1465 3770 fons

162 3788 345 3885 signatus,
392 3790 458 3884 qui
487 3815 567 3861 non
595 3791 700 3864 timet
728 3792 777 3865 ab
808 3791 970 3865 externis
1000 3789 1121 3864 malis.
1168 3788 1212 3861 In
1243 3788 1317 3861 hoc
1336 3778 1338 3784 ’
1356 3785 1464 3858 horto

162 3907 255 3970 sunt
280 3896 437 3996 plantae
465 3897 697 3998 multiplices
726 3899 815 3974 fidei
844 3911 882 3974 et
909 3899 1079 3974 veritatis
1108 3898 1301 3972 fructibus
1320 3894 1465 3994 plenae.

161 4005 289 4080 Huius
333 4032 501 4104 sponsus
543 4019 600 4082 est
629 4007 733 4083 Deus
771 4022 808 4084 et
835 4009 1025 4084 Dominus
1053 4019 1185 4082 noster
1212 4006 1329 4081 Jesus
1359 4002 1466 4078 Chri-

162 4129 254 4210 stus,
302 4117 367 4215 qui
419 4128 477 4190 est
518 4144 674 4217 pomum
713 4121 914 4218 antiquum
958 4120 1030 4194 sub
1058 4145 1167 4192 novo
1212 4117 1351 4205 datum,
1400 4112 1466 4210 qui

161 4227 286 4324 ipsam
313 4229 362 4301 ab
391 4226 501 4300 initio
530 4254 598 4326 per
626 4229 788 4326 gratiam
815 4227 1003 4304 inchoans
1033 4225 1278 4303 confirmavit
1313 4222 1358 4295 In
1388 4246 1467 4320 qua

161 4345 202 4408 et
242 4333 302 4410 lex
344 4360 446 4410 nova
487 4336 527 4408 in
571 4337 650 4410 dies
683 4338 895 4429 roboratur,
941 4339 1026 4437 ipsa
1055 4338 1157 4411 enim
1185 4346 1243 4410 est
1271 4332 1465 4408 doctrinae

160 4458 282 4518 mater
325 4457 363 4519 et
389 4446 573 4544 magistra
616 4456 652 4520 et
684 4448 862 4522 omnibus
893 4448 1028 4523 tribuit
1056 4445 1191 4535 fidem;
1238 4454 1276 4518 et
1303 4442 1351 4515 ab
1381 4440 1467 4537 ipsa

161 4565 359 4651 tamquam
389 4580 410 4627 a
441 4555 564 4652 capite
594 4555 792 4630 descendit
819 4556 913 4630 fides
944 4556 1152 4630 christiana
1179 4557 1219 4627 in
1242 4553 1467 4626 universum

162 4662 527 4760 corpusecclesiae,
557 4665 617 4738 cui
650 4663 814 4740 salutem
842 4678 879 4740 et
908 4692 1041 4764 pacem
1069 4665 1216 4762 ubique
1236 4659 1466 4759 dispertitur.

160 4771 354 4847 Fimbriae
397 4773 615 4848 vestimenti
662 4775 744 4850 eius
792 4801 814 4849 a
861 4774 1098 4874 pinguedine
1147 4799 1217 4846 sua
1262 4768 1466 4846 effundunt

161 4880 291 4955 oleum
320 4880 542 4970 laetificans,
573 4895 784 4983 aspergunt
812 4885 1065 4981 nutriuutque
1086 4882 1266 4957 universa
1284 4878 1466 4954 membra.

159 5047 378 5056 -———-————-

174 5097 177 5104 '
237 5101 365 5152 ¹Harum
385 5099 536 5153 litterarum
555 5101 658 5154 textum
675 5102 787 5154 latinum
844 5105 1047 5168 Lampronense,
1078 5102 1124 5152 hic
1149 5099 1215 5150 illuc
1234 5097 1402 5161 aliquantum
1422 5093 1467 5143 ob-

159 5171 281 5240 nusplam
301 5174 422 5226 invenire
441 5175 593 5244 potuimus3
622 5175 712 5226 versio
737 5179 785 5225 Ar·
842 5189 928 5227 scura.

160 5248 250 5304 monia
262 5245 349 5302 adhuc
362 5246 472 5316 inedita,
493 5255 535 5302 est
556 5247 628 5302 lacta
647 5264 664 5299 a
676 5249 786 5303 Nerseta

1398 5337 1430 5394 4.
