3854 6084
1439 561 1483 624 45

155 746 275 842 isque
304 743 429 818 honor
457 742 516 816 his
546 741 654 816 libris
677 744 760 840 jam
789 743 883 816 satis
913 754 979 818 est.
1029 742 1106 818 Sed
1140 757 1220 816 non
1259 743 1306 817 de
1339 743 1483 817 haere

158 853 310 951 agitur3
353 852 527 948 quaestio
561 851 662 924 enim
692 861 750 926 est
779 852 825 926 de
855 849 964 925 libris
996 851 1192 950 usurpatis
1222 852 1262 924 in
1294 851 1480 950 Liturgia,

156 961 204 1034 in
220 961 352 1035 divino
373 959 509 1050 officio,
529 957 569 1032 in
589 961 784 1034 communi
806 959 979 1034 oratione
1000 960 1367 1057 dequevocabulis,
1383 986 1481 1059 quae

159 1070 412 1146 continentur
440 1066 575 1142 inillis
596 1067 713 1143 libris.
744 1067 828 1143 Hac
849 1069 889 1141 in
907 1095 948 1143 re
967 1067 1104 1166 regula
1125 1069 1295 1167 practica
1317 1069 1479 1144 aliaest.

159 1177 306 1254 Sancta
325 1177 443 1254 Sedes
474 1201 591 1276 opera
620 1177 830 1275 patristica,
860 1177 901 1250 in
930 1178 1074 1274 quibus
1103 1177 1294 1274 quaedam
1315 1180 1483 1253 obscura

161 1297 266 1378 sunt,
295 1312 374 1361 non
403 1286 527 1383 tangit
554 1309 680 1382 neque
710 1297 910 1360 mutantur
939 1312 998 1378 ea3
1027 1286 1096 1359 sed
1125 1286 1158 1358 si
1176 1312 1237 1360 res
1260 1287 1364 1383 cogit
1383 1312 1479 1361 non-

161 1395 298 1470 nullae
326 1407 440 1469 notae
469 1394 745 1494 adjunguntur.
775 1394 1004 1493 Saepissime
1033 1393 1231 1468 literatura
1251 1394 1480 1470 Armeniaca

160 1506 241 1580 hoc
269 1505 386 1578 modo
414 1502 559 1578 Romae
588 1515 752 1578 tractata
782 1515 841 1578 est
868 1515 911 1577 ut
948 1503 1122 1603 exemplo
1150 1513 1235 1578 utar
1262 1503 1360 1578 liber
1388 1505 1481 1579 Ner·

164 1613 259 1689 setis
295 1613 597 1712 Lampronensis
646 1612 692 1685 de
739 1612 1049 1687 institutionibus
1089 1611 1367 1706 ecclesiasticis,
1415 1615 1480 1710 qui

167 1724 347 1818 quamvis
376 1733 582 1802 accusatus
612 1734 741 1795 tamen
770 1741 851 1794 non
885 1721 1040 1820 proprio
1070 1721 1241 1795 *examini
1283 1722 1479 1796 subiectus

167 1833 351 1906 dimissus
383 1841 451 1910 est.
1320 1840 1329 1864 ⁸

280 1974 407 2050 Libris
434 1999 538 2064 vero,
567 1973 633 2070 qui
663 1972 843 2048 destinati
873 1985 964 2046 sunt
992 1984 1036 2047 ut
1062 1972 1104 2046 in
1129 1973 1291 2048 ecclesia
1310 1958 1480 2071 utantur,

168 2097 215 2160 ut
243 2111 329 2159 cum
349 2083 431 2158 Deo
461 2081 675 2179 loquamur,
711 2083 824 2156 utin
853 2084 1011 2157 auribus
1046 2084 1198 2182 piorum
1226 2082 1397 2157 fidelium
1426 2083 1482 2156 in-

169 2207 316 2287 tonent,
346 2192 533 2267 habemus
553 2190 835 2290 providentiam
856 2191 1158 2285 convenientiae,
1186 2217 1301 2289 quam
1322 2190 1484 2264 ecclesia

172 2313 318 2378 attento
347 2301 474 2374 animo
496 2299 693 2398 conspicit
726 2298 965 2394 Quinetiam
984 2299 1170 2374 eeclesiae
1193 2301 1389 2375 Romanae
1408 2299 1481 2398 ipsi

173 2439 253 2486 nou
283 2410 485 2485 offensioni
514 2409 594 2502 fuit,
624 2409 760 2482 missas
791 2408 1057 2500 occidentales,
1077 2409 1276 2500 breviaria,
1295 2419 1485 2514 martyro-

173 2521 320 2618 logium
350 2529 429 2616 etc,
458 2543 557 2616 quae
586 2519 733 2616 priscas
761 2517 1001 2592 venerabiles
1030 2531 1159 2616 partes
1188 2519 1309 2592 multo
1339 2516 1480 2616 plures,

175 2655 291 2726 quam
320 2640 453 2702 nostra
481 2628 686 2718 habebant,
716 2625 918 2716 illustrare,
945 2625 1149 2728 explicare,
1169 2628 1292 2726 magis
1312 2624 1362 2700 ad
1381 2625 1482 2699 aedi-

174 2737 370 2812 ficandum
389 2735 545 2812 Olerum
565 2750 602 2810 et
619 2734 775 2834 plebem
804 2733 1049 2810 christianam
1079 2735 1253 2810 formare.
1284 2735 1482 2809 Rectifica·

174 2848 300 2932 tiones
329 2872 463 2920 revera
490 2871 567 2918 non
600 2871 750 2942 semper
778 2842 875 2918 tales
906 2856 1007 2936 sunt,
1034 2861 1134 2942 quae
1153 2845 1246 2918 vitia
1265 2843 1481 2936 emendent,

178 2955 247 3031 sed
275 2956 361 3047 imo,
391 2980 489 3051 quae
518 2953 728 3028 lectoribus
758 2964 796 3028 et
825 2953 1066 3028 auditoribus
1094 2954 1300 3052 perspicua
1327 2953 1481 3026 faciant·

286 3083 408 3181 Saepe
454 3080 671 3180 exemplum
724 3080 913 3155 librorum
968 3081 1236 3179 liturgicorum
1283 3079 1482 3154 Ecclesiae

179 3191 351 3268 Graecae
395 3191 566 3283 affertur,
603 3189 756 3264 Sancta
787 3189 903 3265 Sedes
937 3191 977 3264 in
1015 3192 1061 3264 iis
1099 3190 1195 3264 nihil
1224 3190 1394 3282 correxit,
1443 3197 1486 3262 ut

176 3303 324 3392 dicitur,
371 3326 489 3399 quare
519 3325 610 3397 ergo
641 3325 720 3374 non
750 3298 852 3373 idem
891 3313 929 3372 et
965 3300 1107 3374 nostris
1138 3298 1363 3397 continget?
1410 3295 1485 3372 Sed

174 3437 255 3484 non
284 3435 420 3484 verum
447 3421 507 3483 est
534 3407 631 3480 nihil
660 3409 700 3480 in
730 3408 777 3480 iis
805 3409 1057 3482 rectificatum
1078 3434 1180 3500 esse,
1208 3434 1323 3505 porro
1344 3408 1376 3480 si
1398 3408 1484 3505 quis

175 3516 336 3619 paulum
379 3518 532 3593 altiores
576 3517 816 3615 cognitiones
860 3529 898 3590 et
939 3518 1126 3592 librorum
1165 3517 1404 3594 Graecorum
1449 3530 1486 3589 et

174 3629 443 3702 Armeniorum
472 3627 639 3718 habebit,
669 3626 763 3700 sciet
791 3627 861 3699 hos
891 3627 931 3698 in
959 3626 1032 3701 hac
1058 3652 1098 3700 re
1118 3624 1301 3702 cumillis
1323 3651 1480 3724 prorsus

177 3736 342 3812 conferri
385 3763 465 3811 non
508 3762 630 3834 posse.
677 3735 723 3808 In
752 3733 990 3810 Armeniacis
1032 3733 1141 3810 libris
1183 3734 1375 3810 interdum
1408 3734 1484 3811 loci

178 3846 382 3946 suspiciosi
434 3845 676 3946 reperiuntur
729 3844 827 3918 sicut
883 3845 930 3918 de
974 3844 1147 3918 doctrina
1200 3845 1486 3934 incarnationis,

183 3957 248 4052 qui
291 3955 347 4031 ibi
380 3953 489 4029 nullo
518 3955 604 4028 loco
635 3954 826 4052 leguntur.
873 3953 1021 4028 Petitur
1048 3954 1271 4052 moderatio
1320 3952 1418 4029 Sane
1448 3947 1485 4030 S.

180 4064 297 4141 Sedes
327 4063 502 4142 Graecos
533 4089 681 4137 summa
710 4089 798 4137 cum
818 4063 1081 4138 moderatione
1110 4058 1304 4156 tractavit}
1352 4063 1485 4137 eadem

179 4175 315 4248 ceteris
344 4175 503 4273 paribus
535 4183 572 4250 et
589 4172 829 4248 Armeniaois
854 4173 1060 4270 continget,
1091 4172 1220 4269 quoad
1248 4172 1289 4243 in
1317 4171 1484 4245 Domino

176 4283 257 4358 fieri
286 4294 422 4380 potest,
461 4295 497 4357 et
526 4280 638 4357 Clero
669 4281 908 4356 Armeniaco
927 4282 1033 4355 bona
1061 4283 1242 4356 voluntas
1277 4292 1313 4354 et
1341 4281 1485 4378 optima

177 4392 340 4467 facultas
369 4391 599 4491 suppeditat,
629 4403 673 4464 ut
702 4392 774 4464 hac
802 4391 843 4463 in
871 4417 912 4464 re
940 4389 976 4466 S.
1008 4389 1097 4466 Sedi
1126 4388 1309 4464 auxilium
1338 4389 1480 4464 afferat.

177 4503 233 4578 Ut
260 4529 351 4576 vero
381 4502 463 4576 sine
495 4501 711 4574 discrimine
742 4500 870 4573 omnia
908 4501 1129 4600 probentur,
1179 4509 1237 4572 est
1274 4497 1484 4596 postulatio

126 4690 130 4696 ,
179 4613 239 4686 cui
268 4636 470 4709 nunquam
496 4611 536 4685 in
563 4608 725 4684 ecelesia
753 4607 940 4684 catholica
961 4609 1135 4682 satisfieri
1154 4606 1288 4705 potuit
1317 4607 1484 4682 Necesse

178 4735 236 4794 est
278 4720 386 4813 enim,
434 4732 478 4793 ut
518 4744 642 4816 aeque
690 4716 772 4806 „lex
802 4718 1004 4793 credendi“
1045 4727 1189 4790 statuat
1221 4715 1369 4814 ,legem
1401 4742 1484 4814 pre·

178 4831 313 4904 candi“
347 4855 392 4903 ac
420 4829 503 4902 vioe
535 4853 653 4901 versa.

286 4975 400 5050 Nunc
430 4974 594 5047 adrem.

285 5103 347 5176 Ad
374 5128 479 5176 num.
512 5108 573 5175 11.
597 5100 777 5200 jubetur:
824 5102 932 5198 ,Non
961 5099 1126 5173 dicatur:
1155 5097 1273 5172 idem
1301 5097 1398 5194 ipse
1434 5122 1483 5169 ex

176 5224 342 5296 natura
370 5211 526 5301 Patris,
557 5209 624 5283 sed
654 5210 819 5286 dicatur:
854 5211 937 5308 ipse
967 5205 1308 5284 consubstantialis
1336 5205 1476 5279 Patria
