1088 1669
312 222 332 238 12

311 254 424 273 tantumodo
442 260 574 279 synonymum
590 255 673 278 ζηιίθῄιῖι
690 253 814 279 (substantia)
831 254 851 272 in
866 256 966 279 gz'lmtffllnie

311 281 400 306 (natum),
416 287 465 305 quae
480 281 594 305 permutatio
609 281 723 299 observatur
737 281 794 299 etiam
807 281 859 306 apud
874 281 934 307 Syros
944 282 965 300 in

310 314 376 326 eornm
386 307 485 333 Symbolo.
496 307 552 332 (Vide
560 308 619 325 Pitra:
629 308 683 326 Juris
691 308 745 326 Eoel.
755 313 783 332 gr.
793 308 841 326 Hist.
851 312 871 327 st
879 314 965 326 monum.

309 338 353 354 tom.
370 335 385 353 I.
403 341 447 359 pag.
465 334 538 353 XLVI:
560 334 598 358 qui
619 334 721 353 eiusdem
740 338 775 353 est
796 338 892 354 naturae
915 341 965 354 eum

309 362 376 381 Patre
391 363 443 384 suo).

363 389 393 408 Ex
408 389 480 413 quibus
490 388 579 407 omnibus
592 388 649 413 plane
659 389 790 413 consequitur,
800 391 822 407 ut
830 388 864 408 illa
874 389 964 413 formula,

309 423 359 441 quae
373 415 431 435 hodie
446 416 521 434 obtinet
534 415 587 441 apud
600 419 678 434 nostros
693 415 813 439 dissidentes,
827 416 872 435 licet
887 416 965 435 nullum

309 444 407 462 contineat
421 449 509 466 errorem,
523 449 563 462 non
572 445 636 462 tamen
650 443 710 468 digna
720 443 745 462 sit
753 443 787 462 illa
796 449 867 468 magna
877 444 965 463 aestima-

309 471 362 490 tione
375 473 395 490 et
408 470 529 493 adhaesione,
552 476 590 494 qua
607 477 649 489 eam
666 470 726 489 afficit
740 470 819 495 Messer,
841 471 874 495 qui
891 471 911 490 in
926 471 964 490 hoc

309 501 388 517 secutus
406 500 436 516 est
456 497 504 516 alios
525 497 610 516 eiusdem
632 498 738 516 sententiae
757 497 846 521 cultores,
869 499 925 523 quasi
946 498 963 517 S

309 525 415 550 Gregorius
430 525 471 549 ipse
485 524 592 543 induxisset
606 524 657 543 hane
670 524 750 550 phrasin
764 525 784 543 in
798 525 913 551 Symbolum
928 532 964 550 pro

309 552 380 571 celebri
390 552 423 571 illo
433 553 516 575 ὃμούσιικ.

365 585 383 602 6.
397 584 439 602 Per
454 590 519 608 quem
530 584 604 602 omnia
614 584 674 602 facta
684 584 771 602 suntin
782 584 848 603 coelo
858 587 880 603 et
892 590 963 609 super

310 614 397 630 terram.
411 610 459 630 Jure
469 611 538 630 asserit
547 611 690 636 Pesdimalgian
703 610 788 630 codicem
799 617 856 630 suum
866 617 910 630 cum
920 611 963 630 aliis

309 638 407 657 veteribus
421 638 491 663 legere:
508 638 530 657 in
545 638 608 657 coelo
626 642 647 657 et
660 639 683 657 in
698 641 765 657 terra.
786 638 816 657 Ita
830 638 881 663 enim
895 645 963 658 omnes

309 665 390 684 codices.
405 665 431 684 At
444 666 464 684 in
479 665 516 684 hoe
530 668 593 684 textus
608 665 699 690 vulgatus
714 665 794 690 propius
804 665 879 684 aceedit
887 672 963 691 graecu,

310 693 388 717 quando
402 692 457 717 legit:
475 693 498 711 in
512 692 576 711 coelo
591 696 613 711 et
626 699 695 717 snper
710 697 798 714 terram
817 699 901 717 quocum
916 699 963 712 oon-

309 719 376 738 eordat
392 720 449 739 etiam
466 722 530 738 textus
547 720 567 738 in
585 720 672 744 Litnrgia
689 720 741 745 apud
758 720 924 744 Lampronensem
943 723 963 739 et

308 747 399 770 anterius,
413 750 477 766 textus
491 747 511 765 in
528 747 611 772 epistola
628 747 714 766 Nersetis
736 747 770 767 ΠΙ,
782 758 808 761 -
821 747 907 766 Omnino
922 754 963 766 non

308 774 449 799 discreparetur
464 781 475 793 a
489 781 559 799 graeco
573 777 631 797 textu,
641 774 657 793 si
666 774 719 793 iuxta
729 777 802 793 textum
811 774 962 799 Lampronensis

302 801 417 820 -addereturz
432 808 488 826 quae
502 802 531 826 [in
546 801 600 820 coelo
615 803 662 825 eto).

363 840 379 857 7.
389 838 517 857 Descendit
527 838 553 857 de
563 838 631 857 coelo.
641 839 663 857 In
670 841 723 857 textu
730 844 801 863 graeco
806 844 846 857 non
855 838 962 857 invenitur:

308 864 333 883 de
348 865 418 884 coelo.
440 865 515 885 Revera
528 872 592 890 neque
608 865 657 884 illud
674 865 734 884 habet
747 868 810 884 textus
825 866 910 884 Nersetis
925 865 961 884 111.

307 898 356 911 saec.
366 892 413 915 V11.,
426 892 470 911 lieet
479 892 571 917 vulgatus
580 893 677 912 Armenus
689 892 739 911 illud
753 893 823 911 habeat
838 893 962 912 conformiter

308 918 401 945 Symbolo
416 919 636 945 Constantinopolitano.

362 952 378 970 8.
393 952 463 970 Homo
478 952 552 971 faetus
562 955 601 975 est,
616 954 683 970 natus
692 955 727 970 est
736 951 837 976 perfecte
851 958 876 970 ex
886 951 960 970 Maria

306 977 391 997 Sancta
400 979 501 1004 Virgine.
517 979 605 998 Graecus
619 982 688 1003 textus,
701 982 746 1004 post
759 979 824 998 homo
833 979 910 997 faetus
920 982 960 1002 est,

306 1008 325 1024 et
339 1009 384 1024 ante
398 1009 465 1025 natus
480 1009 520 1030 est,
541 1006 607 1025 habet:
621 1006 664 1025 hoe
681 1009 723 1030 est;
744 1006 790 1030 quia
803 1008 871 1025 auctor
886 1006 960 1031 exposi-

305 1033 363 1051 tionis
377 1033 420 1052 vult
435 1033 467 1052 hio
481 1034 598 1052 additionem
616 1033 679 1052 facere
693 1040 733 1052 non
747 1040 832 1058 parvam,
850 1036 873 1052 ut
882 1033 959 1052 demon-

306 1062 376 1079 stretur
390 1061 482 1085 perfectio
496 1061 637 1083 incarnationis,
652 1061 702 1079 sicut
716 1061 773 1080 etiam
787 1060 913 1086 praemissam
927 1060 960 1079 ad-

306 1087 405 1106 ditionem:
426 1095 452 1107 ex
467 1088 600 1107 substantia
613 1088 689 1106 Patris
703 1088 808 1113 praecessit
822 1088 865 1106 hoe
879 1091 918 1111 est,
940 1091 959 1107 st

305 1114 355 1133 idem
363 1114 472 1134 videbimus
481 1115 502 1134 in
516 1115 642 1140 sequentibus
657 1122 736 1140 quoque
750 1115 888 1134 additionibus.

359 1142 459 1161 Hactenus
476 1143 540 1161 tamen
557 1142 588 1161 hin
604 1142 643 1161 loci
660 1149 699 1161 non
717 1143 807 1168 apparuit
826 1142 868 1161 hoc
888 1145 922 1161 est
939 1143 959 1161 in

306 1168 411 1188 Codicibus
426 1170 513 1189 armenis.

332 1195 333 1198 ’
360 1196 398 1216 Pro
413 1197 498 1216 Sancta
511 1197 607 1222 Virgine
618 1196 705 1216 Graecus
715 1200 778 1216 textus
788 1196 854 1216 habet:
869 1203 959 1223 semper

305 1223 406 1249 Virgine,
421 1224 452 1243 vel
467 1225 513 1249 qnia
526 1231 617 1244 armenus
631 1225 726 1249 interpres
740 1224 787 1249 legit
801 1227 828 1247 ᾰγι
835 1224 871 1250 (as)
886 1231 921 1249 pro
931 1226 958 1243 ἀει

305 1251 331 1269 ob
346 1251 468 1270 oscitantiam
481 1252 513 1271 vel
527 1252 574 1276 quia
588 1258 655 1276 reapse
669 1252 696 1270 ita
705 1254 747 1271 erat
756 1252 797 1270 eius
812 1251 913 1277 exemplar.

361 1288 377 1306 9.
391 1288 434 1307 Per
448 1288 559 1313 Spiritum
573 1288 685 1311 Sanctum,
700 1294 740 1313 per
754 1294 820 1312 quem
832 1288 958 1313 assumpsit

305 1320 399 1338 earnem,
421 1316 516 1334 animam
530 1319 552 1334 et
569 1318 664 1334 mentem
682 1318 703 1334 st
721 1322 790 1338 omne,
807 1315 921 1340 quidquid
935 1316 958 1334 in

304 1341 395 1361 homine
410 1345 448 1366 est7
462 1349 514 1361 vere
525 1346 546 1362 et
553 1349 598 1361 non
606 1343 665 1362 fiete.
676 1342 730 1361 Talis
738 1345 767 1361 est
774 1342 880 1361 hodiernus
890 1345 959 1366 textus,

304 1369 337 1393 qui
351 1372 416 1388 tamen
430 1370 488 1389 variis
502 1370 522 1388 in
537 1370 615 1395 punctis
630 1370 693 1389 differt
707 1376 718 1388 a
732 1376 808 1394 graeco.
