3854 6084
605 721 728 794 Nobis
758 746 917 819 prorsus
946 719 1040 794 latet
1059 745 1185 810 causa,
1206 745 1323 818 quare
1344 732 1571 818 expuncto:
1600 721 1740 794 idest
1761 746 1811 793 ex

496 831 760 905 substantia
784 829 934 902 Patris
965 830 1148 926 (τουτέστιν
1173 835 1209 898 ἐκ
1233 839 1293 922 τῆς
1317 833 1430 905 οὐσίας
1453 837 1508 898 τοῦ
1536 833 1665 919 Harpis:
1695 826 1812 930 Sym-

495 939 576 1015 boli
594 938 755 1013 Nicaeni
783 949 820 1011 et
849 937 928 1012 iere
958 937 1129 1011 omnium
1157 949 1328 1011 veterum
1349 934 1624 1037 Symbolorum
1649 963 1811 1036 graeco·

494 1049 608 1145 rum),
638 1045 909 1122 substituatur:
940 1040 1202 1142 antequam¹
1233 1045 1349 1146 (lege:
1381 1045 1498 1143 ante)
1530 1046 1685 1119 omnia
1718 1071 1810 1120 sae·

496 1156 600 1231 cula
629 1183 674 1230 ex
704 1153 891 1255 Symbolo
921 1152 1362 1253 Constantinopolitano

604 1301 718 1375 Nunc
748 1327 792 1375 ex
822 1300 1000 1374 omnibus
1030 1299 1216 1373 hactenus
1244 1299 1444 1399 perpensis
1463 1300 1576 1376 nobis
1587 1285 1746 1395 licebit
1769 1301 1809 1372 ni

495 1409 674 1498 fallimur,
703 1431 918 1507 proponere
947 1433 1018 1507 pro
1048 1421 1179 1481 nostro
1210 1407 1414 1511 Symbolo:

609 1541 685 1608 lum.
718 1533 951 1609 Faciendum
994 1559 1076 1609 esse
1118 1535 1293 1633 recognit
1294 1535 1420 1608 ionem
1462 1533 1512 1608 ad
1553 1545 1635 1608 rect
1620 1533 1808 1608 tificanda

497 1643 722 1719 nonnulla
712 1671 752 1716 1n
781 1654 859 1717 ttex
862 1669 887 1716 u
845 1643 1095 1717 tArmenio
1117 1643 1302 1717 hodierno
1325 1669 1440 1744 super
1460 1643 1585 1718 basim
1615 1641 1809 1718 Codicum

498 1755 596 1828 duce
624 1778 764 1852 graeco
792 1763 905 1826 textu.

606 1883 683 1953 2³³¹·
713 1875 890 1952 Dandam
919 1903 1002 1952 esse
1038 1903 1192 2000 operam
1227 1877 1277 1949 ad
1308 1871 1434 1950 redint
1419 1877 1672 1975 tegrationem
1717 1904 1808 1976 qua-

495 1987 659 2062 rundam
679 1988 844 2085 partium
865 1985 1204 2085 deperditarum,it
1207 2010 1313 2059 erum
1334 2011 1450 2082 super
1470 1986 1593 2059 basim
1614 1985 1807 2114 Codicum

497 2109 612 2195 atque
634 2095 813 2171 Graecit
798 2105 936 2170 textus

605 2223 751 2298 Textus
780 2248 872 2296 vero
901 2221 1106 2296 Armenius
1146 2221 1219 2295 hoc
1248 2220 1362 2296 modo
1391 2231 1629 2296 restauratus
1672 2235 1808 2320 posset

496 2331 669 2408 adhiberi
697 2332 737 2405 in
766 2332 883 2404 Missa
911 2356 983 2405 nec
1017 2357 1097 2404 nou
1139 2333 1180 2404 in
1222 2330 1403 2428 baptismi
1447 2328 1653 2405 collatione
1695 2329 1806 2404 nullo

497 2441 756 2562 additamento
785 2439 886 2514 facto
916 2465 985 2538 pro
1017 2465 1091 2513 usu
1118 2439 1291 2513 fidelium
1320 2438 1399 2512 fere
1428 2449 1524 2536 quot
1509 2438 1664 2512 tidiano.

604 2584 763 2658 Prolixit
749 2585 837 2658 tatis
867 2597 994 2658 autem
1023 2584 1276 2677 incommode,
1307 2583 1471 2682 quod
1441 2611 1474 2657 er
1503 2583 1659 2683 objiciat
1661 2610 1716 2678 ur,
1750 2610 1806 2656 re

495 2693 666 2768 medium
695 2693 850 2768 aliunde
879 2693 1000 2767 facile
1021 2693 1130 2767 affert
1115 2704 1185 2767 tur

604 2820 649 2894 In
674 2820 946 2908 Instructione,
992 2845 1108 2917 quam
1145 2818 1261 2917 paulo
1304 2833 1393 2908 ante
1433 2818 1646 2909 citavimus
1690 2815 1807 2892 Sacra

477 2928 728 3027 ·Oongrega
719 2955 757 3002 10
785 2928 1024 3026 respondens
1068 2929 1118 3002 ad
1159 2927 1291 3026 aliqua
1331 2928 1528 3028 postulata
1489 2925 1807 3024 ttipraelauda

496 3039 682 3130 Primatis,
726 3048 801 3112 tert
803 3037 840 3111 io
874 3038 914 3110 in
949 3037 1035 3110 loco
1071 3036 1144 3109 hoc
1181 3039 1379 3112 observat:
1427 3034 1806 3125 ,Anathematismus

496 3159 586 3221 cont
586 3175 629 3219 ra
571 3147 821 3220 tArianos
851 3171 896 3220 ac
923 3145 1223 3221 Macedonianos
1252 3147 1307 3250 (in
1335 3097 1538 3249 Symb010)
1568 3144 1599 3217 si
1628 3144 1669 3217 in
1688 3145 1807 3218 Missa

497 3255 658 3330 solemni
686 3258 762 3347 fiat,
791 3255 884 3329 satis
914 3265 1001 3329 est.“

604 3382 863 3456 Nihilominus
894 3407 988 3455 usus
1019 3383 1098 3455 obt
1072 3383 1241 3457 tinuitu
1214 3381 1317 3456 utis
1346 3380 1422 3454 reci
1425 3391 1526 3454 tetur
1555 3379 1731 3479 qualibet
1767 3381 1806 3452 in

496 3491 613 3565 Missa
641 3491 720 3565 fere
748 3493 797 3564 ab
829 3477 1008 3565 omnibus
1045 3492 1201 3566 sacerdo
1205 3491 1319 3567 tibus.
1365 3489 1559 3565 Docemur
1594 3502 1725 3563 tamen
1762 3515 1805 3562 ex

497 3601 613 3699 priori
642 3599 807 3674 formula
835 3599 940 3698 apud
970 3598 1005 3674 S.
1036 3600 1297 3699 Epiphaniam
1334 3599 1436 3693 (vide
1466 3624 1583 3696 supra
1611 3604 1697 3698 pag
1730 3597 1804 3697 28.)

496 3710 610 3782 etiam
639 3707 868 3810 Symbolum
899 3708 1041 3783 dictum
1073 3707 1548 3806 Constantinopolitanum
1577 3708 1626 3782 ab
1658 3707 1805 3804 origine

497 3845 610 3891 suum
629 3818 810 3891 habuisse
831 3818 1200 3907 anathematismum,
1233 3829 1410 3908 attamen,
1440 3826 1649 3914 praeeunte
1669 3817 1710 3888 in
1731 3816 1806 3887 hoc

497 3926 672 4001 Concilio
689 3924 1129 4027 Constantinopolitanc,
1144 3925 1359 4000 Ecclesiam
1373 3937 1453 3998 tam
1464 3923 1666 4024 Graecam,
1688 3950 1803 4021 quam

496 4037 683 4126 Latinam,
711 4034 821 4109 illum
850 4036 888 4109 in
919 4061 993 4109 usu
1013 4036 1152 4109 Missae
1171 4061 1329 4133 prorsus
1360 4033 1532 4110 omisisse
1562 4043 1721 4108 constat.
1768 4031 1805 4105 Si

495 4145 612 4244 igitur
631 4145 752 4218 nostri
773 4169 929 4240 quoque
949 4144 1024 4217 hoc
1045 4154 1296 4242 sequerentur
1315 4142 1541 4241 exemplum,
1568 4154 1606 4217 et
1625 4142 1803 4216 brevitati

498 4266 535 4329 et
565 4253 678 4327 simul
708 4253 819 4328 etiam
848 4264 973 4327 textus
1002 4253 1212 4351 integritati
1240 4253 1439 4350 provisum
1469 4261 1577 4326 esset

604 4400 711 4473 Haec
738 4400 944 4474 habuimus
976 4399 1197 4473 disserenda
1227 4399 1272 4473 de
1302 4399 1457 4495 origine,
1486 4422 1562 4471 usu
1592 4407 1629 4468 et
1648 4405 1804 4469 auctore

496 4510 617 4583 nostri
647 4507 831 4609 Symboli,
875 4520 912 4581 et
947 4507 993 4581 de
1022 4507 1365 4598 vicissitudinibus,
1409 4507 1552 4603 quibus
1589 4506 1804 4580 subiectum

496 4617 593 4691 iilud
623 4616 702 4690 fuit.

498 4780 714 4790 ——n—ur—

569 4863 578 4886 ¹
598 4852 750 4917 Stephanus
778 4854 886 4904 Roszka
919 4856 1073 4918 presbyter
1092 4868 1125 4904 ex
1254 4852 1350 4902 Basilii
1360 4867 1458 4914 graeca
1470 4851 1588 4916 cognitio
1598 4846 1708 4901 videtur
1718 4849 1805 4900 minor

497 4927 630 4978 Armeniis
643 4927 775 4986 poloniae,
787 4926 1125 4990 alumnusOolegiiUrbani
1182 4941 1260 4990 quam
1289 4926 1374 4976 latina
1408 4925 1498 4986 tuisse,
1531 4940 1610 4988 quum
1643 4923 1671 4971 in
1705 4935 1805 4972 correc-

497 5001 525 5050 in
554 5014 603 5050 suo
634 4997 766 5048 Chronico
796 4997 830 5048 ad
859 5015 902 5049 an.
924 5005 991 5052 1693
1018 4999 1124 5050 dehoc
1180 4998 1297 5048 tionibus
1326 5013 1408 5062 supra
1442 4997 1521 5048 dictis
1556 4998 1695 5048 observat:
1741 4995 1804 5056 ,Ar-

497 5072 600 5122 Basilio
612 5074 701 5124 notat:
713 5072 1123 5134 ,IsteliturgiamArmeniorum
1180 5073 1327 5122 meriacum
1350 5073 1407 5134 ned·
1429 5077 1535 5132 υπιμμ,
1563 5071 1590 5120 iu
1609 5070 1696 5121 latina
1714 5067 1804 5130 lingua

497 5161 549 5196 non
567 5145 634 5195 benc
654 5144 791 5198 transtulit
810 5145 838 5194 in
858 5143 996 5197 latinum.“
1181 5145 1234 5195 dici
1254 5143 1400 5195 Sanctus
1421 5141 1587 5206 Spiritus,
1612 5145 1640 5194 et
1662 5144 1689 5190 in
1708 5153 1805 5202 graeca

830 5219 831 5222 ’
1179 5219 1255 5283 agios
1274 5217 1392 5268 Pneuma
1416 5215 1494 5284 (arm.
1516 5207 1802 5280 uplad'diiakusnilll‘
