1088 1669
791 221 801 237 5

202 252 233 271 Ad
243 252 367 271 Nersetorum
376 259 434 277 porro
444 259 506 277 usque
518 255 605 278 tempora
617 253 658 271 eius
671 253 723 271 modi
735 253 800 278 opinio

147 280 235 298 obtinuit.
250 279 336 299 Graecae
346 286 430 304 namque
439 279 547 304 latinaeque
559 280 637 305 liuguae
649 287 689 299 nun
700 280 800 305 imperitus

146 307 218 325 Nerses
237 307 387 331 Lampronensis
406 307 461 325 Tarsi
481 307 591 332 episcopus,
613 314 657 326 cum
676 314 727 326 auno
748 309 799 326 1192

146 334 217 353 Missae
228 334 381 358 explanationem
394 334 530 357 conscriberet,
542 341 581 353 rem
594 335 644 353 lianc
656 335 732 353 minime
746 335 800 353 aliter

146 361 229 380 videbat.
245 361 405 386 Quandoquidem
419 361 451 380 ille
461 361 482 379 iu
492 362 549 380 citato
559 362 664 385 volumine,
676 362 705 380 uti
715 365 771 381 antea
780 362 800 380 in

146 388 207 407 altero
216 395 294 413 quoque
302 395 363 413 opere,
372 388 425 413 quod
432 389 455 407 de
460 388 549 414 Symboli
556 389 690 414 explanatione
698 389 800 414 inscripsit,

146 416 239 440 peculiari
252 416 348 434 Nicaenae
363 416 417 434 Fidei
432 416 509 434 nomine
523 416 635 441 symbolum
648 416 697 435 illud
712 416 800 441 designat

146 449 210 467 neque
225 443 267 462 aliis
282 443 319 461 nisi
333 443 422 461 trecentis
437 443 502 461 decem
517 447 535 462 et
550 446 592 462 octo
608 443 700 468 patribus,
717 444 750 468 qui
764 450 799 468 pro

146 470 219 489 Christi
233 470 332 488 divinitate
347 470 449 488 asserenda
464 470 516 495 apud
530 470 659 489 Nicaeuorutn
673 471 741 489 urbem
756 477 800 489 con-

146 500 245 520 venerunt,
259 498 334 521 integre
348 497 439 516 attribuit.

201 525 226 543 At
235 531 281 543 vero
292 524 349 543 huius
359 524 490 549 ambiguitatis
499 525 543 543 fons
553 525 598 543 inde
608 525 693 549 patebat,
703 525 756 549 qnod
766 525 799 544 VI.

145 551 178 570 vix
192 552 271 570 ineunte
288 551 365 570 saeculo
383 552 501 577 symbolum,
519 552 542 570 de
557 559 595 576 quo
609 552 667 570 modo
682 553 763 576 agimus,
779 553 799 571 in

145 579 281 597 Armeniorum
290 579 368 603 liturgia
380 579 449 601 „Fides
459 579 555 598 Nicaena⁴⁴
567 579 680 604 inscriptum
691 582 724 598 est.

200 611 217 629 A
227 611 351 629 Nersetorum
364 617 412 629 aevo
422 614 499 629 centum
509 611 650 635 quinquaginta
662 611 733 635 elapsis
743 611 799 629 annis

145 638 221 656 indiciis
236 638 288 656 haud
303 638 390 657 obscuris
405 638 463 656 huius
478 638 634 656 nomenclaturae
648 638 751 657 falsitatem
761 645 799 657 om-

145 665 199 683 nium
213 665 270 690 primi
285 665 359 684 odorati
374 667 420 683 sunt
434 665 509 690 Synodi
521 665 603 684 Sisensis
613 665 685 688 Patres,
700 665 734 690 qui
748 672 799 684 anuo

147 693 199 711 1342
214 699 336 717 nequaquam
351 699 407 711 suum
423 692 538 718 Symbolum
553 693 628 717 proprie
641 693 748 711 Nicaenum
762 693 799 711 dici

145 726 203 744 posse
216 720 357 744 conspicientes
369 723 416 738 tunc
431 720 514 744 primum
528 720 587 738 latino
602 726 689 738 sermone
703 720 799 738 redditum

145 747 171 765 ad
181 746 270 765 Sanctam
281 746 349 766 Sedem
359 747 456 765 miserunt.

200 774 387 792 Mechitbaristarum
396 781 454 799 porro
468 774 545 792 scholae
559 774 607 793 alter
617 775 730 793 servabatur
739 774 799 792 labor.

145 801 194 820 Cum
206 802 222 820 ei
232 801 282 820 iuter
289 804 377 820 nostrum
384 805 403 820 et
410 801 517 820 Nicaenum
524 801 799 826 Constantinopolitauumque

145 828 261 854 Symbolum
276 835 332 847 omne
347 829 410 847 statim
425 829 526 847 discrimen
541 829 632 852 innotuit,
650 829 728 847 nonnisi
741 828 799 847 huius

145 856 260 874 discriminis
270 862 348 874 causam
359 856 490 880 originemque
499 856 567 874 rimata
577 859 612 874 est.

199 883 271 902 Divum
282 883 396 908 Gregorium
406 883 540 902 Armeniorum
550 883 709 906 Illumiuatnrem,
719 883 799 901 Nicaeni

145 910 228 929 Concilii
238 917 286 929 aevo
296 910 359 929 adhuc
369 911 389 929 in
397 911 447 929 vivis
457 913 550 935 agentem⁷
560 910 677 935 quibusdam
684 910 799 936 Symbolum

144 938 221 956 auxisse
235 938 308 962 verbis,
324 938 405 962 eiusque
419 944 540 956 successores
556 944 618 962 usquo
632 937 656 956 ad
671 938 770 956 Nersetem
784 937 799 955 I.

144 967 202 989 atqua
213 965 301 983 Isaaeum
311 965 324 983 1.
335 965 433 983 dumtaxat
444 971 507 990 pauca
522 965 619 983 addidisse
628 965 649 983 P.
656 965 677 983 P.
688 964 799 989 Papauiau‘,

144 991 278 1012 Avedichianfl.
293 992 379 1011 eruditus
389 992 509 1011 Aucherian³
523 992 594 1016 aliique
610 992 681 1017 passim
695 991 799 1010 Mechitha⁴

144 1019 201 1038 ristae
214 1019 282 1038 Veneti
296 1026 356 1044 aeque
369 1026 391 1038 ac
404 1020 524 1038 Viennenses
537 1026 574 1038 nec
585 1026 625 1038 non
637 1019 706 1037 horum
718 1018 799 1037 Praesul

143 1046 263 1071 Babighian‘
276 1047 363 1072 plerique
376 1047 408 1065 alii
422 1053 484 1071 usque
499 1047 523 1065 ad
534 1047 582 1065 haec
596 1047 701 1065 novissima
713 1050 799 1071 tempora

145 1077 246 1093 autumant
263 1074 360 1099 planeque
378 1077 471 1093 asserunt.
488 1074 556 1098 Neque
570 1081 616 1092 vero
631 1074 651 1092 in
666 1073 799 1092 Schematibus

144 1107 205 1126 nuper
222 1101 312 1120 laudatae
329 1101 404 1127 Synodi
422 1101 565 1120 Patriarchatus
582 1101 666 1124 Ciliciae,
684 1108 733 1125 quae
750 1107 799 1119 nun-

144 1135 202 1152 quam
214 1129 250 1147 sub
261 1132 333 1147 secreto
346 1129 429 1152 fuerunt,
444 1128 484 1147 ulla
494 1129 517 1147 de
527 1129 563 1147 hac
572 1135 593 1147 re
603 1128 636 1147 lux
649 1131 730 1153 apparet
743 1135 799 1152 nova,

145 1156 179 1174 sed
190 1156 246 1174 solita
255 1159 373 1181 repetuntur.
383 1156 440 1182 (Vide
450 1156 572 1175 Schematum
582 1162 622 1180 cap.
633 1156 685 1174 XIL:
695 1156 724 1174 De
732 1155 799 1174 Eccle-

144 1183 225 1201 siasticis
236 1183 290 1202 libris
301 1183 414 1202 Armenicac
423 1183 521 1202 Ecclesiae
531 1190 582 1201 num.
592 1183 630 1208 11.)

200 1210 257 1233 Quod
271 1211 295 1229 ad
310 1210 354 1229 illos
369 1217 414 1229 vero
424 1211 526 1229 Armenios
541 1213 621 1235 spectat,
636 1210 669 1234 qui
684 1210 799 1228 catholicam

143 1238 296 1256 communionem
306 1244 346 1256 non
356 1238 433 1260 habeut,
444 1237 516 1256 nullius
527 1244 572 1255 sane
582 1237 655 1262 negotii
665 1241 694 1255 est
704 1237 799 1256 eiusmodi

142 1265 246 1289 inquisitio.
256 1265 342 1284 Moribus
353 1265 437 1289 antiquis
447 1265 474 1283 ita
483 1264 537 1290 apud
547 1271 579 1283 eos
590 1271 620 1283 res
630 1267 668 1283 stat
675 1265 739 1283 omnia
746 1264 798 1283 bona

180 1325 184 1334 ι
193 1324 225 1337 vm.
235 1324 303 1340 egregium
309 1328 341 1337 nne
348 1324 377 1337 eim
385 1328 424 1340 opu,
435 1324 456 1337 cui
521 1325 527 1334 ι
537 1323 586 1336 Annon<
599 1323 616 1336 ni
628 1323 672 1336 resec.
685 1323 731 1336 romu.
743 1322 798 1336 Philon.

142 1342 197 1356 titulun:
207 1343 268 1359 nquam⁴
278 1343 323 1359 symb.
485 1346 496 1355 c.
512 1342 561 1355 Phnnt.
576 1343 589 1355 at
603 1342 639 1355 vim
652 1341 712 1354 sinetur.
729 1342 761 1354 tom.
777 1341 798 1356 vi,

178 1362 184 1370 ι
197 1361 228 1373 vm.
241 1361 269 1374 uim
281 1365 321 1377 apua:
332 1360 369 1374 Saue
381 1360 455 1373 munioni
483 1364 513 1377 μς.
523 1361 554 1373 ηεΔ
795 1367 797 1370 -

141 1379 163 1391 dei
173 1378 205 1392 libri
215 1379 267 1392 Eceiu.
277 1383 309 1392 um.
520 1380 525 1389 ι
535 1378 583 1391 Brevis
595 1378 667 1391 demon-tr,
679 1377 744 1391 Viennae.
758 1378 792 1391 1817
