3854 6084
208 1275 417 1350 Πιστεύομεν
444 1285 491 1340 καὶ
518 1287 555 1345 εἶς
612 1304 615 1308 ’

174 1351 209 1406 τὸ
234 1355 347 1422 Πνεῦμα
376 1357 405 1408 τὸ
428 1358 502 1426 ἅγιον
526 1359 554 1413 τὸ

176 1425 231 1484 οὐκ
245 1376 497 1497 άλλόίριονΠατρὸς
509 1432 554 1485 καὶ
567 1449 570 1458 ’

179 1499 217 1552 Y
205 1519 256 1564 ιον,
262 1499 315 1551 αλλ
319 1503 553 1566 ὁμοσύσιονόνΠα-

174 1570 219 1658 τρὶ
238 1591 284 1624 και
279 1571 408 1662 Yt‘cp]
382 1595 412 1625 το
423 1575 553 1644 ἀκτιστον,

175 1663 207 1695 το
198 1642 359 1710 τέλειον,το
352 1645 552 1718 Παρακλητοι,

166 1723 201 1776 τὸ
220 1723 376 1792 λαλῆσαν’
363 1744 391 1776 εν
405 1723 485 1817 νήμῳ
509 1726 555 1786 καὶ

167 1798 201 1850 ἕν
221 1795 374 1865 προφήταις
393 1798 440 1852 καὶ
464 1799 555 1856 ἐνεῦ-

166 1871 310 1938 αγηελίοις,
324 1871 445 1939 καταβὰν
453 1871 497 1924 ἐπὶ
511 1873 557 1924 τὸν
594 1907 597 1918 ·

167 1943 324 2012 Ἰορδάνην,
346 1947 470 2011 κηρῦξαν
490 1945 555 1997 ἀπσ-

166 2015 399 2088 στόλοιςζοῑκοῦν
417 2016 445 2070 ἐν
464 2017 556 2086 ἁγίοις,

243 2394 440 2462 Πιστεύσμεν’
415 2417 452 2456 εις
461 2398 547 2467 μόνην
560 2403 562 2407 ’

166 2466 545 2561 ταύτηνκαβολικήνκσὶάπρ-

165 2537 303 2607 στολικήν
323 2536 480 2612 ἐκκλησίαν
509 2543 545 2601 εἷς

163 2609 199 2663 ἔν
207 2604 341 2679 βάπτισμα
349 2616 488 2680 μετανοιας
499 2616 546 2668 καὶ

164 2682 292 2750 ἀφέσεως
318 2685 471 2774 βμαρτιῶν·
509 2689 546 2754 εἰς

166 2757 259 2822 κρίσιν
277 2756 399 2846 αιἰβνιον
401 2767 501 2828 ψυχῶν
519 2779 545 2815 τε

164 2825 217 2880 καὶ
239 2829 385 2896 σωμάτιον·
409 2831 446 2890 εἰς
469 2833 545 2894 βασι-

164 2900 242 2952 λείαν
262 2901 386 2970 οὐρανῶν
404 2903 451 2956 καί
473 2903 557 2973 ζωήν·

165 2971 288 3050 αιώνισν.

254 3190 321 3252 Τοὺς
335 3190 365 3245 δὲ
376 3191 496 3261 λέγοντάς
514 3193 551 3245 ὅτι

172 3265 210 3334 ἦν
233 3285 309 3329 ποτε,
338 3266 380 3318 ὅτε
404 3263 455 3317 οὐκ
481 3264 514 3333 ἦν
531 3265 552 3316 'o‘

174 3337 251 3403 Υἱὸς,
256 3337 272 3405 6
285 3337 319 3405 ἦν
328 3357 391 3390 ποτε
403 3339 445 3390 ὅτε
457 3336 508 3390 οὐκ
520 3337 552 3404 ἦν

172 3409 205 3464 τὸ
229 3411 303 3478 ἅγιον
316 3411 447 3475 Πνεῦμα,
472 3409 489 3478 ἢ
514 3411 553 3462 ὅτι

173 3482 205 3546 ἐξ
214 3481 265 3534 οῦκ
276 3483 360 3535 ὄντων
372 3481 484 3550 ἐγένετο,
497 3483 514 3550 ἢ
525 3481 553 3544 ἐξ

174 3554 440 3623 ἑτέραςῦποοτάσεως
453 3554 470 3623 6
482 3555 553 3608 οὐσί-

175 3649 216 3691 ας,
227 3627 379 3694 φάσκοντας
391 3625 457 3680 εἶναι
477 3648 553 3696 τρεπ-

176 3701 221 3753 τόν
239 3699 257 3768 ἢ
276 3698 420 3752 ἀλλοιωτὸν
432 3698 476 3752 τὸν
492 3699 554 3753 Υίὸν

179 3771 279 3840 Θεοῦή
290 3771 320 3824 τὸ
339 3773 412 3839 ἅγιον
430 3773 553 3840 Πνεῦμα,

176 3843 273 3902 αὐτοὺς
283 3843 468 3910 ἀναύεματίζει
480 3845 497 3912 6
508 3864 555 3897 κα·

177 3914 276 3984 θολική
304 3916 392 3984 μήτηρ
412 3917 554 3986 ἡμῶνκαὶ

178 3987 342 4058 ἀποστολική
356 3989 482 4058 ἐκκλησία

250 4187 303 4241 Καὶ
324 4187 551 4279 Ιἀὶναιλεματίζσμεν

176 4259 276 4318 πάντας
303 4261 364 4319 τοὺς
390 4261 428 4331 μὴ
447 4264 551 4331 ὁμολο-

177 4357 290 4417 γοῦντας
303 4349 445 4406 ἀνάστασιν
459 4356 559 4427 σαρκὸς

177 4425 224 4481 καί
242 4434 329 4484 πᾶσαν
346 4431 454 4522 αἵρεσιν,
478 4452 549 4488 rove-

132 4547 136 4554 ,
177 4498 231 4553 ἐστι
262 4498 325 4560 τοὺς
350 4501 388 4571 μὴ
416 4504 493 4563 ὄντας
520 4505 551 4560 ἐκ

176 4571 272 4662 ταύτης
299 4580 345 4662 της
366 4576 479 4636 πίστεως
506 4585 552 4646 τῆς

176 4645 252 4712 ἁγίας
281 4646 326 4698 καὶ
352 4649 436 4715 μόνης
463 4651 551 4706 καύσ-

175 4732 254 4800 λικῆς
272 4731 428 4799 ἐκκλησίας.
471 4745 485 4797 {1

247 4869 254 4904 ¹
267 4863 337 4915 Huio
347 4863 450 4916 tertiae
457 4863 483 4918 S.
493 4861 592 4930 Epiph.
602 4865 619 4917 1.
627 4881 650 4920 ο.
660 4868 802 4932 sequentia

176 4937 339 5002 praemittit:
356 4936 503 5006 „Quoniam
516 4939 607 4990 aetate
621 4941 714 4991 nostra
732 4941 801 4993 aliae

171 5014 233 5074 post
251 5009 321 5060 alias
333 5009 458 5062 haereses
470 5017 641 5076 emerserunt,
653 5013 686 5065 ad
696 5015 747 5064 hoe
757 5030 802 5065 us-

173 5097 223 5149 que
235 5087 349 5148 tempus,
372 5084 424 5135 auh
435 5085 619 5137 Valentiniani
633 5089 661 5136 et
679 5087 801 5139 Valentis

173 5155 293 5222 imperio,
305 5171 417 5222 quorum
428 5156 546 5211 decimus
554 5159 609 5224 jam
617 5175 702 5211 annus
712 5161 803 5226 agitur

174 5227 228 5294 (an.
242 5227 317 5296 374),
327 5235 353 5281 et
365 5229 486 5290 Gratiani
496 5238 596 5294 sextus,
608 5249 623 5282 a
633 5233 801 5285 Diocletiano

171 5317 234 5354 vero
246 5310 361 5370 tyranno
374 5305 574 5370 nonagesimus,
588 5308 732 5372 propterea
746 5313 799 5358 tam

668 992 745 1058 sedit,
761 995 959 1048 etcumeedem
970 1013 1047 1050 carne

668 1069 797 1118 venturus
817 1059 859 1118 est
883 1085 942 1120 cum
961 1071 1048 1134 gloria

664 1137 1046 1206 judicarevivosetmortuos;

1050 762 1102 812 ΙΙΙ.

669 863 700 898 ne
715 847 878 910 conscendi
860 850 923 901 et
939 851 973 902 ad
990 850 1049 902 (lex
1105 851 1132 904 ἒν
1157 853 1232 920 αὐτῷ
1260 862 1296 922 τη]
1327 855 1429 924 σώματι
1455 856 1483 908 ἐν

668 927 752 972 teram
763 921 1047 984 Patrisgloriosecon
1105 927 1170 993 δόξῃ
1161 935 1286 994 [κρῖναι
1311 929 1412 988 ζῶντας
1436 929 1483 983 καὶ

1104 999 1225 1066 νεκρούς,
1245 1021 1277 1052 ov
1291 1021 1336 1068 τι
1348 1002 1482 1070 βασιλείας
1545 1005 1548 1015 ’

1102 1070 1153 1123 οὐκ
1174 1072 1247 1125 ἔσται
1267 1022 1349 1133 τέλάς.
1498 1111 1499 1117 1

669 1213 744 1280 cujus
763 1213 840 1276 regni
853 1229 905 1264 non
916 1217 968 1266 erit
978 1215 1047 1268 finis.
1110 1210 1111 1218 ’

741 1285 879 1338 Credimus
899 1291 925 1340 et
944 1289 971 1340 iu
990 1290 1048 1354 Spi-

651 1328 748 1409 ¹ritum
769 1358 910 1424 Sanctum,¹
936 1363 981 1427 qui
1010 1366 1046 1413 lo-

668 1431 744 1484 eutus
765 1438 807 1484 est
825 1435 853 1486 iu
873 1437 932 1496 lege
965 1441 992 1488 et
1020 1437 1047 1486 in

632 1552 633 1556 ,
668 1505 808 1569 prophetis
822 1507 998 1572 praedicavit,
1014 1511 1046 1560 ad

613 1637 616 1645 r
667 1576 812 1630 Jordanem
843 1578 988 1638 descendit.
1019 1583 1047 1634 in

667 1652 797 1715 apostolis
823 1654 927 1704 locutus
956 1657 997 1706 est
1021 1659 1047 1707 et

666 1723 695 1774 in
723 1725 825 1776 sanctis
853 1727 966 1779 habitat.
1005 1727 1047 1778 ita

625 1799 629 1812 ’
667 1810 747 1862 porro
767 1813 817 1850 nos
834 1801 864 1850 in
882 1800 971 1864 ipsum
991 1815 1047 1852 cre·

667 1867 763 1932 dimus,
811 1871 943 1936 Spiritum
987 1889 1046 1925 esse

667 1943 794 1995 Sanctum
826 1947 876 1996 Dei
906 1945 992 2011 Spin
993 1963 1044 2012 um

667 2011 798 2080 Spiritum
817 2020 921 2088 perfect
922 2034 975 2084 um,
986 2019 1045 2105 Spi-

619 2155 621 2163 k
666 2089 747 2140 ritum
787 2083 964 2156 Paracletum,
1005 2095 1044 2143 in-

667 2165 794 2228 creatum,
814 2179 830 2214 a
849 2167 928 2216 Patre
953 2181 1044 2232 prooe-

667 2237 780 2297 dentem‚
813 2238 991 2302 accipientem
1029 2256 1045 2290 a

607 2309 608 2314 ’
667 2309 745 2369 Filio,
765 2309 794 2361 in
813 2325 891 2375 quem
902 2311 1044 2366 oredimus.

737 2382 882 2435 Praeterea
898 2385 1043 2436 ‚credimus

665 2453 693 2506 in
717 2470 797 2506 unam
829 2458 989 2510 catholicam
1018 2461 1045 2509 et

666 2529 841 2594 apostolicam
855 2530 997 2582 ecelesiam
1018 2537 1045 2582 et

664 2602 692 2651 in
746 2617 826 2652 unum
883 2605 1044 2670 baptismum

665 2673 853 2739 poenitentiae,
884 2679 912 2728 et
937 2678 967 2729 in
1003 2695 1042 2730 re·

664 2748 856 2801 surrectionem
869 2754 1041 2817 mortuorum,

597 2831 599 2836 ’
664 2835 695 2872 ac
711 2820 813 2886 justum
826 2821 972 2874 animarum
984 2840 1041 2876 cor·

664 2908 810 2959 porumque
820 2895 957 2960 judicium,
979 2899 1043 2950 ot1n

665 2982 775 3030 regnum
795 2969 931 3021 coelorum
952 2986 982 3022 ac
1002 2973 1039 3023 vi·

664 3041 722 3090 tam
741 3043 884 3092 aeternam.

738 3189 790 3238 Eos
802 3201 875 3250 vero,
897 3190 943 3254 qui
953 3189 1045 3243 dicunt

665 3259 749 3312 inisse
788 3261 941 3326 aliquando,
985 3279 1044 3316 oum

665 3348 718 3384 nou
765 3337 836 3386 esset
871 3336 956 3388 Filius
999 3344 1046 3390 aut

666 3405 782 3470 Spiritus
804 3406 927 3476 Sanctus
947 3415 993 3461 ant
1013 3427 1044 3462 ex

666 3495 718 3531 nou
745 3480 850 3531 entibus
880 3498 924 3533 eos
951 3482 1044 3542 inisse,

666 3553 710 3604 vel
730 3568 762 3603 ex
787 3555 874 3604 altera
901 3557 1045 3642 hypostasi

667 3627 713 3677 ant
743 3621 820 3677 subst
809 3627 908 3690 tentia3
947 3632 1045 3696 quique

668 3699 871 3752 conversibilem
891 3705 936 3754 aut
961 3707 1045 3769 muta

666 3773 750 3824 bilem
780 3789 837 3824 essa
872 3774 964 3828 dicunt
994 3765 1045 3838 Dei

666 3845 765 3896 Filium
821 3849 867 3897 aut
916 3849 1045 3915 Spiritum

669 3919 804 3978 Sanctum,
826 3920 874 3972 hos
893 3923 1046 3980 anathema-

668 3993 736 4045 tizat
755 3994 889 4046 catholica
902 4000 929 4046 et
943 3999 1046 4061 aposto-

667 4066 721 4128 liea
732 4068 853 4131 ecclesia,
865 4071 1047 4122 matervestra

669 4143 696 4190 et
715 4144 816 4192 nostra.

741 4215 778 4264 nt
786 4229 879 4266 rursus
889 4215 1050 4268 'condemna-

669 4301 726 4338 mus
736 4303 792 4350 eos,
813 4286 858 4353 qui
868 4289 976 4342 minime
989 4307 1048 4342 oon·

669 4362 778 4412 litentur
825 4365 1048 4428 resurrectionem

668 4439 838 4498 mortuorum,
876 4441 911 4488 ‘et
959 4452 1048 4490 omnes

669 4508 802 4570 haereses,
823 4524 891 4575 quae
916 4525 968 4562 non
987 4517 1049 4564 sunt

666 4582 1022 4647 juxtahancrectamfidem.
1042 4593 1049 4626 ¹

1176 1272 1229 1324 Καὶ
1266 1273 1303 1333 εἰς
1341 1277 1370 1326 τό
1408 1277 1482 1344 ἅγιον

1103 1345 1216 1412 Πνεῦμα
1225 1347 1381 1414 πιστεύομεν
1395 1350 1424 1402 τὸ
1436 1351 1482 1404 λα-

1102 1419 1186 1485 λῆσαν
1205 1418 1233 1470 ἐν
1249 1421 1324 1486 νόμῳ
1338 1421 1384 1473 καὶ
1397 1424 1482 1490 κηρύ-

1103 1493 1152 1552 ξαν
1161 1491 1189 1542 ἕν
1199 1500 1253 1550 τοῖς
1263 1493 1429 1560 προφήταις,
1437 1497 1483 1549 καὶ

1102 1563 1223 1632 καταβὰν
1248 1564 1290 1616 ἐπὶ
1314 1566 1359 1618 τὸν
1379 1569 1482 1636 Ἰορδά-

1102 1656 1159 1704 νην,
1173 1637 1270 1690 λαλοῦν
1280 1637 1308 1689 ἒν
1317 1637 1482 1704 ἀποστόλοις,

1102 1709 1196 1761 οἰκοῦν
1220 1709 1248 1762 ἕν
1267 1711 1358 1778 ἁγίοις.
1389 1714 1483 1774 Οὕτως

1102 1780 1131 1834 66·
1149 1782 1306 1848 πιστεύομεν
1316 1783 1344 1836 ἓν
1357 1786 1430 1853 αὐτῷ
1444 1789 1482 1840 ὅτι

1102 1853 1483 1927 ἐστίΠνεῦμαᾶγιον,Πνεῦμα

1104 1927 1183 1990 Θεοῦ,
1222 1929 1335 1995 Πνεῦμα
1363 1932 1484 1997 τέλειον,

1101 2000 1483 2070 ΠνεῦμαΠαράκλητον,άκτι·

1100 2093 1170 2135 στον,
1189 2073 1220 2124 ἐκ
1241 2081 1287 2125 τοῦ
1306 2077 1416 2146 Πατρὸς
1437 2079 1483 2131 ε’κ-

1100 2147 1283 2212 πορευόμενον
1307 2147 1354 2201 καὶ
1376 2149 1410 2204 ,ἐκ
1436 2161 1483 2204 τοῦ

1100 2221 1163 2272 Υίοῦ
1177 2218 1380 2286 λαμβανόμενον
1395 2225 1481 2292 (aliud

1064 2311 1066 2316 ·
1101 2311 1142 2346 ox.
1161 2290 1343 2360 λαμβάνοντα)
1357 2296 1403 2349 καὶ
1423 2307 1482 2350 πισ-

1099 2365 1217 2431 τεύομεν.

1172 2434 1384 2502 Πιστεύομεν’
1360 2459 1397 2498 εις
1418 2445 1483 2508 μίαν
1555 2479 1556 2484 =

1099 2505 1252 2597 καθολικὴν
1284 2508 1330 2562 καὶ
1369 2512 1482 2576 ἀποστο-

1098 2583 1177 2651 λιτήν
1197 2569 1353 2648 ἕκκλησιαν·
1379 2587 1483 2648 καλεῖς

1099 2655 1126 2705 ἑν
1145 2655 1294 2743 βάπτισμα
1332 2661 1481 2722 μετανοίας·

1102 2729 1148 2776 καὶ
1161 2729 1198 2784 εἰς
1211 2727 1351 2780 ἀνάστασιν
1360 2735 1477 2796 νεκρῶν·

1104 2797 1148 2848 καὶ
1162 2799 1249 2863 κρίσιν
1263 2800 1370 2853 δικαίαν
1378 2821 1477 2868 ψυχῶν

1100 2867 1305 2936 κολασμάτων·
1320 2892 1366 2925 και
1378 2893 1415 2931 εις
1427 2875 1476 2942 βα

1101 2941 1246 2995 σιλείἀν
1216 2950 1363 3008 ουρανῶν·
1375 2943 1421 2998 καὶ
1439 2946 1476 3006 εἷς

1100 3011 1220 3080 ζωήν’
1192 3015 1308 3070 αιῶνισν.

1181 3187 1247 3246 Τοὺς
1261 3185 1290 3240 δὲ
1301 3181 1459 3272 λέγοντας”
1442 3199 1479 3231 οτι

1106 3265 1168 3332 ἦν
1161 3283 1236 3325 τοτε,
1264 3261 1306 3311 ὅτε
1334 3255 1385 3308 οὐκ
1407 3253 1441 3320 ἦν
1466 3253 1480 3302 6

1110 3336 1196 3394 Υἱός”
1180 3357 1196 3403 η
1205 3354 1234 3385 το
1226 3313 1354 3395 Πνεῦμα
1364 3325 1392 3378 τὸ
1400 3326 1480 3394 ἅγιον,

1106 3410 1122 3477 6
1106 3411 1181 3461 ιὸτι
1206 3407 1234 3468 ἕξ
1253 3404 1304 3457 οῦκ
1324 3401 1408 3453 ὄντων
1426 3395 1481 3464 ε’γε-

1106 3502 1172 3543 νετο,
1191 3480 1207 3569 6
1202 3477 1275 3539 ε’ξ’
1263 3497 1289 3528 ετ
1291 3474 1364 3540 έρας
1368 3468 1481 3524 ὑποστά-

1107 3574 1174 3610 oecos
1188 3553 1203 3618 6
1218 3550 1320 3636 οὐσίας,
1331 3545 1482 3628 φάσκοντας

1108 3626 1173 3678 εἶναι
1189 3620 1298 3690 τρεπτὸν
1308 3619 1326 3708 6
1321 3612 1483 3671 ἀλλοιωτὸν

1108 3699 1152 3787 τήν
1184 3696 1242 3750 Υῐὸι
1276 3697 1321 3744 τοῦ
1353 3683 1482 3750 Θεοῦ,”
1466 3706 1482 3751 η

1108 3769 1147 3822 τὸ
1151 3770 1224 3835 ἅγιον
1237 3767 1310 3818 Hice
1311 3783 1358 3830 μα,
1377 3759 1484 3814 τούτους

1108 3841 1293 3906 ἀιιαῦειιατίζει
1312 3835 1329 3921 6
1349 3828 1484 3896 κσιλολικὴ

1109 3914 1153 3964 καί
1174 3909 1295 3963 ιίποστολι
1288 3928 1333 3974 ικη
1322 3902 1485 3970 ἐκκλησία,

1102 3991 1118 4058 ἡ
1138 4009 1227 4057 μηῦηρ
1248 3987 1325 4054 6666
1350 4005 1377 4037 τε
1396 3983 1483 4051 ἡμων

1177 4207 1230 4262 Καὶ
1250 4205 1329 4297 πβλιν
1348 4204 1484 4295 ἀναθεμα-

1104 4285 1208 4350 τίζομεν
1233 4279 1294 4371 τοής
1321 4277 1359 4346 μή
1389 4281 1484 4349 ὁμολο-

1105 4364 1216 4426 γοῦντας
1227 4352 1368 4407 ἀνάστασιν
1378 4363 1485 4422 νεκρῶν

1104 4428 1151 4483 καὶ
1170 4435 1257 4485 πᾶσας
1294 4424 1339 4484 τὰς
1371 4429 1485 4495 αἱρέσεις

1105 4503 1150 4561 τὰς
1181 4499 1218 4568 μή
1251 4499 1282 4553 ἐκ
1315 4499 1411 4569 ταύτης
1439 4509 1485 4571 τῆς

1106 4576 1192 4645 ὀρθῆς
1210 4574 1324 4630 πίστεως
1344 4575 1434 4636 οὔσας.

856 4868 915 4931 v'os,
928 4883 1006 4934 quem
1016 4883 1064 4919 nos
1072 4868 1125 4935 ipsi
1133 4874 1159 4922 et
1168 4866 1314 4920 orthodoxi
1320 4880 1409 4918 omnes
1418 4865 1486 4930 epis·

858 4941 927 5008 copi,
950 4941 1063 5006 denique
1082 4945 1139 4995 tota
1159 4942 1275 4994 eeclesia
1292 4941 1424 4992 catholica
1441 4938 1485 4989 ad-

858 5014 1486 5081 versusprodeuntesidentidemhaereses,con-

857 5096 1038 5154 sentaneaque
1048 5103 1106 5140 cum
1114 5090 1237 5155 exposita
1247 5089 1328 5154 paulo
1339 5089 1399 5138 anto
1410 5099 1486 5138 sano·

858 5162 944 5213 torum
952 5161 1060 5214 Patrem
1067 5163 1131 5214 fidei
1139 5162 1330 5226 termulatPrm
1340 5159 1360 5226 J,
1369 5159 1486 5223 iisprae·

859 5235 959 5296 sertim,
980 5236 1026 5300 qui
1038 5237 1170 5300 baptismo
1183 5232 1309 5286 initiandi
1322 5234 1392 5294 sunt,
1406 5247 1497 5298 pras.

857 5308 929 5376 cepit
940 5313 969 5359 ut
980 5309 1031 5360 hoc
1044 5308 1122 5360 modo
1134 5309 1309 5374 profiteantur
1321 5323 1352 5358 ac
1367 5305 1458 5358 dicant
1471 5301 1485 5333 “
